1856 2901
537 162 801 203 NVMOS
860 164 1165 204 VRBIVM
1362 168 1467 224 115

180 259 292 327 bis,
330 258 396 315 ad
440 278 673 315 numum
709 261 1034 318 Amisenum
1076 260 1388 335 produstis3
1418 281 1541 322 tum

180 354 245 390 ex
281 336 503 391 Diodoro
547 338 720 394 Siculo
755 338 870 394 Lib.
915 341 1052 393 XIV.
1094 337 1357 391 docemur
1386 378 1400 404 ‚
1436 341 1539 414 qui

177 412 254 466 ita
284 411 349 465 de
376 413 574 486 Sinope
601 429 612 463 :
641 424 698 465 Εν
736 407 766 480 ᾖ
799 413 852 472 δή
881 416 993 466 καθ’
1017 416 1128 478 &fasce
1158 412 1275 482 ἔσχε
1303 418 1541 481 Μιθριὸά.

177 509 253 548 της
290 528 304 553 ,
359 489 377 541 ὅ
419 491 517 556 repit
561 488 766 552 Ρωμαιές
810 487 1153 555 διαπολεμήσας
1181 527 1196 552 ,
1247 491 1313 539 ταὶ
1364 492 1540 559 μέγιςω

177 566 429 629 βατίλεισι.
480 567 599 641 Qu
645 564 699 615 in
757 562 871 617 urbe
919 564 1260 619 Mithridates
1291 603 1305 628 ,
1349 568 1436 638 qui
1480 569 1542 619 in·

175 642 419 692 Romanos
455 657 595 693 arma
638 654 875 693 moverat
900 679 915 704 ,
950 642 1114 710 nostra
1157 654 1331 694 aetate
1371 642 1540 696 maxi-

177 733 307 769 mam
357 711 531 768 aulam
598 716 794 783 regiam
854 713 1027 769 habuit
1057 755 1070 770 .

323 791 508 862 Caput
564 786 853 843 barbatum
889 829 902 854 ‚
953 808 1015 845 ac
1067 790 1377 845 laureatum
1446 795 1534 847 Io·

175 881 294 919 vem
342 862 691 940 Sinopensem
742 863 994 932 exhibet,
1060 864 1208 938 apud
1257 867 1527 941 antiquos

172 941 469 1013 Scriptores
518 938 811 997 celebrem.
859 943 1031 995 Mitto
1075 942 1228 1008 heic,
1280 963 1422 1016 quae
1462 943 1534 998 de

171 1017 372 1089 Sinope
413 1055 427 1082 ‚
482 1016 741 1090 Nympha
799 1018 956 1084 aliis,
1012 1017 1129 1071 aliis
1191 1022 1477 1073 Amazone
1511 1059 1528 1088 ,

169 1092 362 1146 Graeci
414 1094 600 1160 iuxta,
650 1107 815 1166 atque
857 1093 1037 1146 Latini
1076 1094 1276 1147 Poetae
1323 1096 1536 1150 cecine-

168 1185 225 1221 re
258 1207 273 1233 ‚
332 1185 473 1240 quae
521 1169 789 1241 integram
834 1165 901 1222 ab
965 1171 1093 1222 Iove
1141 1186 1316 1241 proco
1360 1170 1533 1241 virgi-

167 1243 394 1297 nitatem
441 1242 633 1298 fraude
683 1242 993 1299 abstulerit.
1035 1246 1206 1300 Taciti
1255 1243 1416 1299 verba
1465 1245 1535 1300 de

166 1321 294 1375 Iove
335 1320 611 1394 Sinopensi
649 1319 860 1375 adferre
905 1317 1075 1385 libet,
1104 1319 1201 1392 qui
1252 1320 1533 1395 Sinopensi

168 1413 232 1449 ex
273 1393 407 1450 urbe
452 1397 596 1452 Iovis
644 1395 992 1452 simulacrum
1026 1395 1419 1452 Alexandriam
1466 1399 1529 1451 in

167 1474 484 1542 Aegyptum
521 1471 763 1525 delatum
800 1470 1117 1544 perhibenS,
1145 1471 1278 1527 haec
1324 1473 1529 1528 adiun-

166 1547 288 1618 git,
320 1546 439 1602 Lib.
494 1550 578 1602 IV.
646 1549 850 1617 Histor.
900 1544 999 1600 sub
1046 1545 1257 1600 finem:
1328 1553 1524 1602 Deum,

164 1620 320 1696 ipsum
371 1624 524 1676 multi
585 1621 937 1695 Aesculapium
983 1662 996 1687 ,
1055 1622 1189 1695 quod
1256 1624 1519 1679 medeatur·

163 1699 390 1770 aegrotis
453 1697 784 1771 corporibus‚·
840 1698 1043 1771 quidum
1093 1699 1277 1769 Osirim
1307 1740 1320 1764 ,
1382 1702 1526 1754 anti·

161 1769 434 1847 quiffimum
478 1775 594 1826 illis
635 1772 875 1846 gentibus
903 1776 1140 1836 Numen,
1172 1774 1405 1848 plerique
1444 1778 1527 1827 Io-

162 1869 280 1903 vem
305 1890 319 1915 ‚
377 1865 437 1903 ut
486 1869 654 1902 rerum
704 1850 919 1902 omnium
955 1852 1266 1922 poteiztem3
1309 1850 1525 1924 plurimi

162 1927 339 1978 Ditem
402 1928 611 1980 Patrem
646 1961 768 1973 --
814 1925 1094 1978 coniefflant
1127 1965 1140 1976 .
1195 1925 1311 1978 Iovi
1360 1926 1523 1980 Sino„

162 1997 305 2072 pensi
349 2001 520 2055 varias
551 2041 566 2067 ,
607 2018 732 2055 cum
775 2000 933 2056 variis
979 1998 1299 2054 nominibus
1337 2042 1349 2066 ‚
1408 2002 1523 2055 vir-

161 2090 303 2129 tutes
346 2080 562 2131 Veteres
610 2073 881 2142 tribuere3
925 2073 1025 2129 sub
1075 2094 1192 2149 quo
1243 2077 1368 2131 velo
1413 2092 1514 2131 aut

160 2169 342 2204 rerum
376 2157 643 2207 Naturam
671 2193 684 2218 ,
730 2171 826 2207 aut
874 2151 1051 2226 ipsum
1099 2153 1284 2225 potius
1335 2156 1521 2208 Deum

159 2227 493 2294 latitantem,
524 2245 576 2284 et
619 2226 848 2284 obscure
879 2230 1039 2282 nimis
1073 2229 1391 2299 cognitum,
1419 2248 1518 2283 co-

158 2303 307 2358 luere
338 2348 350 2361 .
394 2307 685 2361 Praeterire
738 2305 858 2361 heic
904 2324 1018 2359 non
1075 2303 1288 2379 poisum
1354 2324 1512 2375 egre-

157 2381 304 2450 giam
352 2380 760 2456 inscriptionem
797 2383 1114 2455 antiquam,
1146 2381 1213 2434 ad
1247 2382 1516 2435 illustran-

159 2455 226 2511 da
278 2456 448 2514 modo
496 2459 635 2517 dicia
684 2477 1019 2535 oportunam
1047 2499 1063 2528 ‚
1109 2476 1277 2533 quam
1323 2456 1512 2510 Colle-.-

761 2537 813 2590 H
859 2552 887 2590 z
1335 2549 1435 2603 gae
