1856 2901
546 160 812 202 nvMos
875 159 1182 200 VRBIVM
1412 164 1483 219 37

207 278 301 317 mo
343 257 620 314 ostendam
659 276 671 312 :
728 273 790 313 ut
832 257 973 313 nihil
1015 257 1081 312 de
1126 256 1243 312 aliis
1287 253 1556 313 eiusmodi

199 338 384 390 numis
437 353 584 390 nunc
629 334 803 389 dicam
834 377 848 390 .
904 338 966 388 ln
1002 330 1143 387 hisce
1191 331 1561 387 Macedonum

198 413 381 466 numis
432 413 579 465 clava
612 412 908 464 Herculem
954 424 1111 462 notat
1149 447 1163 473 ,
1214 427 1241 461 a
1287 426 1402 481 quo
1447 409 1561 462 ori-

198 489 383 560 ginem
406 485 745 540 deducebant
763 488 936 555 Reges
957 482 1312 538 Macedoniae
1327 525 1339 538 .
1380 487 1561 553 Qer·

201 583 295 618 cea
327 579 559 626 corona,
600 576 652 614 et
681 575 845 632 caput
872 561 1179 614 laureatum
1200 599 1215 624 ,
1256 560 1400 614 Iovis
1433 556 1559 611 sunt

201 638 475 710 symbola,
509 636 606 710 qui
625 636 916 692 Herculem
945 655 1010 691 ex
1035 636 1301 692 Alcmena
1336 634 1560 708 genuit.

258 941 665 996 NVMVS
741 942 1504 999 ARGIVORVM

365 1048 456 1096 ET
502 1050 664 1099 VNA
710 1051 1398 1102 EPIDAVRIORVM

601 1170 636 1207 r
675 1170 713 1209 A
753 1171 783 1208 B
822 1173 859 1213 v
898 1173 930 1212 L
968 1172 1005 1209 A
1083 1160 1169 1212 11.

374 1308 589 1396 Caput
639 1308 802 1396 Lupi
855 1303 975 1373 fine
1021 1304 1387 1399 epigraphej

308 1479 405 1539 A,
445 1490 497 1528 et
553 1473 696 1528 infra
737 1477 814 1532 E.
863 1478 1073 1545 Αργείων
1115 1478 1200 1528 καῖ
1245 1472 1564 1542 Επιὸαυρῖωνᾲ

199 1554 520 1623 Argivorum
544 1588 558 1613 ,
601 1565 653 1602 et
688 1551 1076 1622 Epidauriorum
1103 1591 1117 1605 .
1157 1554 1376 1604 Aeneus
1411 1548 1565 1624 parvi

197 1625 444 1682 moduli.
496 1622 636 1681 Vide
668 1624 936 1681 Tabulam
963 1630 1050 1681 11.
1089 1642 1251 1683 num.
1280 1640 1414 1682 xn.

198 1783 324 1893 N
348 1776 474 1831 Vmi
506 1774 845 1847 Argivorum
875 1816 889 1843 ‚
929 1793 1071 1851 quos
1119 1775 1379 1830 adferunt
1429 1773 1567 1827 Gol-

368 1852 506 1906 tzius
529 1893 543 1919 ,
576 1855 840 1924 Begerus‚
879 1867 931 1906 et
965 1850 1286 1907 Harduinus
1308 1891 1322 1917 ,
1355 1867 1466 1904 una
1500 1866 1566 1902 ex

194 1942 349 2002 parte
388 1929 505 2003 lupi
546 1944 873 2003 protomen‚
912 1948 979 1983 ex
1019 1928 1202 1983 altera*
1228 1924 1566 2001 epigraphen

194 2013 500 2061 ΑΡΓΕΙΩΝ.
552 2005 638 2060 vel
677 2016 823 2061 APP.
866 2006 951 2059 vel
993 2018 1073 2061 A.
1120 2003 1381 2058 exhibent
1417 2023 1433 2067 3
1475 1998 1568 2054 sed

195 2078 303 2134 fine
346 2091 379 2134 E
407 2122 420 2135 .
461 2080 617 2155 quod
658 2082 714 2135 in
754 2082 941 2136 nostro
981 2097 1155 2135 numo
1191 2120 1206 2148 ,
1247 2078 1567 2153 supremum

195 2154 424 2211 ducrum
449 2197 463 2224 ,
505 2157 855 2231 aliquantum
887 2155 956 2211 ad
986 2156 1445 2231 perpendiculum
1482 2154 1568 2207 in-

198 2230 430 2301 flexum,
470 2231 636 2289 refert
668 2255 687 2301 3
729 2250 791 2290 ut
825 2244 867 2289 Π
914 2250 1024 2288 una
1061 2251 1186 2287 cum
1226 2244 1260 2286 E
1294 2234 1567 2306 exprime-

197 2322 350 2362 retur
382 2328 398 2374 3
439 2323 606 2383 atque
640 2310 715 2365 ita
746 2352 761 2379 ‚
803 2310 886 2365 uti
927 2309 1111 2364 nullus
1155 2306 1357 2364 dubito
1386 2348 1401 2374 ,
1442 2317 1566 2361 Επι-

200 2382 388 2454 ὃειυρίων
419 2400 732 2445 notaretur.

313 2462 498 2534 Argos
525 2481 688 2537 vero,
714 2481 856 2542 quae
887 2461 1244 2538 princepsest
1278 2454 1570 2531 Argolidis

848 2540 899 2597 C
941 2559 969 2613 3
1433 2534 1494 2606 in
