1856 2901
519 134 795 183 ‘NVMOS
851 137 1149 180 vrzssrvm
1378 146 1444 195 41

247 280 555 337 NVMVS
604 274 1458 332 LYSIMACHIENSIVM
1510 280 1513 282 ’

574 405 610 443 T
648 404 687 442 A
726 403 756 440 B
797 404 830 443 v
870 406 902 444 L
940 404 978 443 A
1055 391 1143 441 11.

175 529 386 618 Caput
415 528 685 594 velatum
718 552 731 590 ε
770 526 1014 682 vfidetur
1045 522 1319 589 Genium
1353 522 1537 587 Vrbis

722 642 786 683 re
815 643 943 684 erre
970 667 983 681 .

286 783 736 832 ΛΥΣΙΜΑΧΕΩΝ.
777 774 1256 852 Lffimachienfium.
1296 771 1540 829 vinoria

175 851 312 907 stans
341 894 354 918 ‚
408 851 460 908 d.
498 849 712 905 extensa
764 851 965 905 sertum
1012 854 1178 922 gestat
1210 893 1223 907 .
1277 856 1494 904 Aeneus
1524 889 1541 916 ‚

174 927 383 983 mediae
428 927 663 983 formae.
703 926 837 984 Tab.
873 930 955 981 11.
1002 944 1162 983 num.
1207 941 1387 981 X111.

179 1079 571 1191 LYfimachia
603 1077 863 1133 Thraciae
899 1077 1027 1133 urbs
1057 1120 1070 1146 ,
1105 1080 1161 1131 in
1192 1070 1537 1132 Chersoneso

312 1155 404 1209 fita
428 1197 441 1222 ,
467 1173 636 1228 quam
666 1155 1007 1225 Lysimachus
1028 1196 1043 1222 ‚
1084 1154 1350 1208 Thraciae
1389 1156 1506 1204 Rex
1527 1190 1543 1216 ,

175 1247 243 1283 ex
272 1233 442 1285 ruinis
464 1231 695 1287 Cardiae
726 1230 1034 1287 exscitavit.
1067 1233 1150 1283 De
1177 1250 1237 1284 ea
1261 1226 1540 1300 Pausanias

175 1307 231 1360 in
247 1310 443 1362 Atticis
461 1312 581 1382 Cap.
603 1330 654 1377 9.
681 1311 786 1369 Tm*
806 1308 1060 1376 Καρδιανῶν
1090 1308 1224 1359 πόλιν
1256 1308 1416 1357 ἀνελών
1440 1311 1540 1353 Λυ-

178 1386 417 1454 σιμαχίαν
447 1385 539 1436 ἄντ’
567 1385 696 1448 ἀυτῆς
719 1386 878 1459 ᾤκισεν
907 1384 995 1438 ἐπὶ
1021 1388 1090 1453 τῷ
1113 1386 1276 1453 1σὲμῲ
1310 1386 1385 1442 τῆς
1407 1389 1540 1446 Θρα-

181 1460 290 1512 κίοις
308 1500 321 1513 .
360 1459 704 1533 Comprobat
734 1460 791 1516 id
815 1478 1014 1514 numus
1045 1457 1193 1532 apud
1218 1452 1503 1512 Goltziuni
1528 1493 1544 1519 ‚

178 1532 237 1585 in
271 1535 427 1587 cuius
458 1553 566 1587 una
599 1551 751 1607 parte
789 1545 1098 1587 ΒΑΣΙΛΕΩΣ
1140 1539 1547 1586 ΛΥΣΙΜΑΧΟΥ.

178 1612 338 1681 Regis
387 1610 657 1689 Lyfimachi
685 1635 702 1666 .·
761 1612 819 1663 in
862 1609 1030 1664 altera
1076 1618 1501 1662 ΑΥΣΙΜΑΧΕΩΝ
1534 1645 1548 1660 .

179 1686 633 1762 Lystmachienfium
670 1688 897 1758 legitur.

295 1758 495 1815 Vrbem
523 1759 664 1816 hanc
692 1803 706 1827 ‚
755 1782 784 1816 a
819 1757 1122 1814 Thracibus
1162 1757 1392 1812 subinde
1426 1756 1546 1812 suc-

177 1833 429 1902 censam,
472 1837 784 1893 Antiochus
825 1835 979 1889 Afiae
1017 1839 1133 1890 Rex
1182 1834 1500 1887 instauravit
1524 1873 1537 1897 ,

178 1913 306 1966 teste
353 1916 511 1969 Livio
573 1913 683 1969 Lib.
735 1915 1006 1968 XXXIII.
1051 1915 1174 1988 Cap.
1224 1914 1323 1981 38.
1378 1908 1543 1964 Plinii

179 2002 427 2060 tempore
471 1991 578 2044 iam
617 1986 962 2044 deserebatur
1006 1987 1136 2041 haec
1183 1983 1352 2040 urbs:
1399 2003 1548 2039 eam-

179 2083 291 2137 que
332 2065 706 2121 Hexamilium
736 2107 749 2133 ,
799 2083 902 2138 pro
932 2062 1262 2133 Lysimachia
1286 2103 1300 2127 ‚
1339 2060 1541 2115 (liciam

179 2137 370 2206 fuiffe,
408 2145 725 2197 Ptolemaeus
755 2140 861 2195 Lib.
896 2144 1009 2196 ιιΙ.
1055 2139 1304 2193 meminit
1338 2172 1351 2186 .
1397 2141 1544 2192 Rur-

179 2214 302 2271 sum
326 2232 508 2272 tamen
535 2219 887 2271 instauratam
905 2258 918 2283 ,
947 2213 1158 2290 suoque
1184 2213 1349 2271 veteri
1378 2215 1542 2268 etiam

179 2292 407 2347 nomine
449 2293 715 2350 celebrem
760 2290 912 2347 fuiffe
950 2313 967 2358 3
1007 2293 1121 2346 imo
1171 2292 1334 2346 etiam
1383 2289 1544 2344 Plinii

182 2383 431 2443 tempore
461 2413 473 2436 ‚
512 2387 608 2426 aut
641 2389 772 2424 mox
814 2367 882 2425 ab
914 2369 1027 2423 eius
1065 2383 1242 2423 morte
1274 2362 1545 2420 refloruis-

182 2441 236 2518 se
262 2483 280 2513 ‚
325 2446 586 2503 testantur
631 2447 791 2504 numi
832 2444 981 2522 apud
1025 2446 1311 2504 Goltzium
1338 2458 1544 2576 3Vunus

1420 2535 1474 2569 ἓν
