1856 2901
393 187 456 224 12
616 180 1126 226 ANIMADVERS.
1165 182 1238 222 IN
1280 182 1426 226 VET.

316 290 348 352 3,
388 282 539 353 gitur
571 297 699 335 KOP
721 323 733 336 .
775 284 1037 335 Attamen
1068 280 1247 335 fimilis
1276 279 1385 334 fere
1415 279 1679 335 numulus

315 398 348 426 ‚,
389 358 554 411 exstat
585 357 640 410 in
678 357 1066 411 Cimeliarchio
1097 357 1590 423 Saxo-GothanO,
1632 357 1693 408 in

315 476 347 503 ‚,
392 452 506 507 quo
538 431 782 486 distincte
815 433 1016 504 legitur
1048 450 1211 498 KoA,
1245 432 1372 486 loco
1405 450 1558 499 KoP,
1603 432 1689 486 uti

315 551 349 579 „
391 529 485 583 per
522 509 818 581 Epistolam
859 528 942 561 me
985 507 1207 563 edocuit
1241 509 1354 561 eius
1385 508 1579 562 Custos
1612 508 1697 560 di-

320 628 354 655 „
395 584 672 656 gniffimus
692 583 965 642 Celeberr.
992 587 1061 639 D.
1082 584 1399 656 Schlaeger‚
1432 589 1529 656 qui
1562 599 1699 636 eun-2

317 703 348 730 „
390 661 510 714 dem
561 661 858 713 numulum
909 661 1229 733 Colophoniis
1290 658 1694 713 tribuenduma

275 771 279 775 ·
316 778 348 806 ,,
390 734 568 791 censet
600 754 611 787 :
657 734 814 808 quod
852 734 1013 788 iidem
1039 775 1052 799 ,
1098 735 1223 787 teste
1259 735 1546 789 Athenaeo
1581 732 1698 788 Lib.

319 853 352 880 „
393 827 525 866 XII.
565 830 688 884 pag.
731 820 858 879 526.
900 811 1231 864 vinolentiae
1280 810 1450 865 dediti
1491 807 1698 874 effent3

316 929 349 955 „
391 901 443 941 et
486 889 544 939 τᾶ
586 889 795 952 Κολοφών
840 926 854 952 ‚
909 883 1184 955 Hesychio
1226 888 1351 940 teste
1392 927 1405 953 ‚
1453 884 1704 958 piscem

315 1002 349 1029 „
392 960 690 1034 quemdam
723 962 1000 1014 marinum
1036 960 1381 1033 significarit.
1421 960 1579 1016 Nihil
1617 958 1700 1013 sa·-

317 1077 349 1106 ‚‚
390 1056 458 1090 ne
504 1038 643 1092 ostat
683 1077 697 1103 ,
746 1037 883 1109 quin
942 1036 1180 1093 diversae
1228 1037 1398 1094 Vrbes
1443 1034 1704 1092 fimilibus

317 1153 350 1181 „
393 1113 585 1183 figuris
639 1153 654 1180 ‚
708 1132 770 1167 ac
812 1113 956 1188 typis
998 1112 1072 1168 ob
1122 1114 1312 1170 ssmiles
1355 1113 1541 1170 causas
1581 1126 1703 1166 ute-

317 1230 352 1259 „
392 1203 587 1243 rentur
614 1231 628 1244 .

573 1379 813 1437 NVMI
869 1380 1446 1437 CAVLONIAE.

805 1507 1120 1548 TABVLA
1178 1509 1223 1548 Ι.

310 1641 433 1770 Q
459 1642 671 1698 Varum
710 1660 893 1696 rerum
925 1640 1178 1696 uberiore
1212 1655 1486 1714 proventu
1523 1638 1703 1698 felices

485 1715 652 1770 essent
686 1720 882 1790 populi
913 1759 926 1784 ‚
969 1736 1156 1771 earum
1184 1717 1328 1788 figna
1362 1717 1469 1772 suis
1508 1737 1701 1771 mone-

319 1793 389 1844 tis
423 1791 666 1845 intulisse
693 1833 707 1858 ,
750 1794 805 1844 in
847 1797 1121 1863 Corcyrae
1156 1794 1362 1863 Nigrae
1398 1795 1580 1848 numis
1622 1794 1703 1849 vi-

322 1865 504 1923 dimus
543 1911 556 1922 .
608 1866 885 1923 similibus
931 1888 1160 1942 quoque
1198 1867 1458 1938 symbolis
1501 1888 1703 1924 numos

319 1940 445 1996 suos
498 1942 706 1998 ornaffe
760 1945 1118 1999 Cauloniatas
1147 1984 1160 2009 ‚
1204 1947 1260 1998 in
1305 1944 1574 2019 praesenti
1619 1945 1706 1999 di-

317 2016 647 2091 spiciemus.
691 2022 996 2076 Cauloniae
1023 2022 1240 2076 Italicae
1271 2024 1577 2094 originem,
1620 2020 1704 2075 fa·-

320 2109 376 2147 ta
409 2135 423 2160 ,
465 2092 569 2148 soli
603 2094 939 2164 ubertatem,
981 2115 1149 2170 atque
1181 2100 1342 2152 etiam
1374 2100 1479 2152 alia
1509 2100 1566 2151 in
1597 2096 1704 2150 hu-

321 2170 406 2223 ius
443 2169 594 2225 urbis
638 2175 819 2227 numis
871 2174 1107 2248 expressa
1145 2216 1160 2243 ,
1201 2191 1489 2249 propterea
1529 2173 1706 2246 pluri-

324 2243 426 2299 bus
467 2246 694 2319 exsequi
735 2251 1119 2305 constitueram
1157 2271 1174 2316 3
1214 2251 1370 2323 quod
1399 2291 1412 2317 ,
1459 2251 1556 2324 qui
1601 2249 1703 2303 hac

321 2321 392 2374 de
429 2341 484 2374 re
525 2322 855 2398 scripserunt
883 2367 896 2391 ,
939 2329 1028 2382 alii
1066 2346 1181 2380 non
1211 2327 1335 2382 satis
1367 2330 1504 2381 recle
1534 2344 1703 2399 quae-

324 2397 459 2453 dam
485 2439 502 2467 ,
544 2401 638 2456 alii.
672 2420 788 2457 non
818 2401 943 2460 satis
979 2421 993 2459 ε
1037 2404 1264 2480 quidam
1294 2401 1607 2478 ingeniosa,
1646 2414 1703 2454 et

1540 2494 1628 2532 alf·-
