1856 2901
373 169 473 205 102
629 163 1116 207 ANIMVDVERS.
1155 166 1227 205 IN
1266 163 1410 205 VET.

292 262 375 318 sae
423 261 658 318 vicinam
699 304 711 328 ,
756 263 869 317 imo
911 263 1219 336 proximam
1263 259 1417 316 fuisse
1449 300 1463 327 ,
1514 261 1647 314 Pto·-

292 341 527 394 lemaeus
560 379 573 404 ,
623 338 908 412 Oppianus
960 379 974 404 ,
1015 354 1066 392 et
1121 336 1424 410 Stephanus
1497 353 1648 389 com-

285 414 576 490 probant,
621 415 716 486 qui
768 414 860 468 has
918 413 1052 468 duas
1105 411 1263 468 urbes
1329 413 1386 466 in
1450 408 1648 466 descri-

296 492 490 565 ptione
536 490 761 544 Ciliciae
815 487 1131 544 consociant
1160 531 1174 544 .

444 565 609 620 Haud
670 565 862 638 procul
908 563 975 618 ab
1017 559 1240 619 Elaeusa
1297 562 1460 616 etiam
1514 564 1652 616 Tar-

295 639 382 695 sus
421 641 638 706 aberat,
696 638 971 695 clariffima
1020 641 1247 696 Ciliciae
1296 638 1649 711 metropolis:

300 735 470 788 quare
523 721 576 769 τὸ
599 727 736 772 ΤΑΡ.
781 716 836 769 in
893 714 1072 771 aversa
1133 714 1287 770 numi
1337 714 1474 768 facie
1515 714 1652 767 citra

298 790 532 847 dubium
580 794 819 858 Ἰαρσέων,
867 790 1178 864 Tarsenfiam
1219 792 1482 862 legeram:
1527 807 1654 842 con·

293 866 539 921 cordiam
584 905 599 932 ,
644 867 880 921 aliumve
930 866 1126 922 harum
1176 865 1395 920 urbium
1448 883 1654 921 nexum

298 942 530 996 indicari
588 940 808 996 credens
853 983 867 998 .
927 946 997 995 Τὸ
1049 954 1140 999 ΗΡ.
1203 960 1332 997 vero
1385 939 1475 995 etsi
1530 951 1659 1009 Ηρα-

298 1022 502 1071 κλεωτών
564 1019 1016 1084 Heracleotarum,
1051 1018 1347 1091 legendum
1395 1016 1623 1071 arbitrer
1639 1036 1656 1081 3

294 1094 384 1149 cui
453 1108 636 1148 tamen
697 1094 1024 1161 Heracleae,
1061 1113 1234 1168 quum
1294 1093 1492 1165 viginti
1552 1107 1658 1145 tres

299 1167 571 1224 recenseat
627 1169 928 1242 Stephanus
956 1210 970 1238 ,
1014 1189 1076 1224 ac
1120 1170 1260 1224 inter
1303 1169 1437 1225 duas
1489 1165 1660 1242 potis-

299 1245 489 1301 fimum
539 1285 553 1312 ‚
597 1246 707 1298 utri
761 1244 901 1299 hanc
975 1245 1308 1320 epigraphen
1370 1243 1607 1300 tribuam
1645 1283 1663 1310 ‚

297 1319 591 1392 ambiguus
641 1319 873 1378 haere0.

453 1395 771 1451 Heracleam
832 1397 1065 1466 Cariae,
1106 1396 1261 1470 quod
1320 1397 1463 1451 inter
1506 1391 1658 1448 Asiae

292 1473 520 1527 minoris
568 1470 725 1525 urbes
781 1470 1020 1525 eiusdem
1072 1473 1312 1526 nominis
1347 1509 1363 1536 ‚
1406 1471 1660 1545 proxima

294 1546 422 1602 esset
463 1547 720 1611 Ciliciae,
755 1546 873 1599 heic
904 1545 1077 1619 accipi
1129 1561 1383 1620 oportere
1427 1546 1666 1621 primum

300 1620 647 1697 suspicaba13
685 1619 754 1675 ad
788 1617 944 1694 quod
977 1618 1419 1676 confirmandum
1465 1621 1666 1676 induxi

291 1700 349 1753 in
390 1698 542 1753 dicito
609 1696 848 1753 Aunario
909 1697 1282 1771 Appendicalae
1353 1695 1667 1770 insignem-³

291 1772 633 1830 Tarsensium
680 1790 948 1838 numum,
993 1774 1050 1826 in
1094 1791 1248 1844 quo,
1292 1775 1374 1828 uti
1426 1772 1666 1846 descrip-

295 1848 408 1906 sere
452 1847 784 1905 Vaillantius
816 1889 830 1913 ‚
874 1864 925 1903 et
972 1847 1291 1903 Harduinus
1320 1891 1334 1915 ‚
1369 1864 1473 1903 tres
1523 1847 1661 1920 figu-

291 1945 382 1981 rae
422 1966 436 1993 ‚
488 1923 720 1979 totidem
785 1923 1100 1980 Provincias
1154 1924 1444 1979 referentes
1485 1965 1498 1991 ,
1555 1921 1667 1978 effi-

302 2005 417 2056 &ae
486 1997 612 2056 sunt
662 2041 676 2066 ,
732 2000 915 2055 Genio
988 1998 1137 2054 urbis
1192 2000 1456 2055 Tarsensis
1507 2018 1672 2054 coro-

301 2096 430 2132 nam
496 2077 888 2149 imponenteS‚
947 2094 1074 2130 cum
1137 2076 1477 2150 epigraphe:
1536 2087 1663 2132 ΕΠΙ.

301 2165 453 2208 ΑΡΧ.
497 2162 548 2207 Γ.
588 2162 717 2208 ΟΜ.
770 2162 1107 2207 CETHPIAN.
1156 2163 1426 2210 TAPOCT.
1465 2163 1672 2221 MHTP.

300 2239 441 2283 ΤΩΝ
460 2269 473 2283 .
490 2237 753 2282 ΚΙΛΙΚΩΝ
770 2269 784 2284 .
800 2238 1037 2282 ICATPIA
1054 2272 1067 2285 .
1084 2238 1264 2282 KAPIA
1284 2270 1297 2284 .
1316 2239 1642 2284 ATKAONIA
1659 2273 1675 2286 .

301 2303 407 2363 Sub
459 2304 713 2358 Archonte
780 2307 902 2360 Caio
970 2307 1131 2359 Hom.
1171 2340 1280 2356 —-.
1348 2308 1672 2363 Severianae

302 2381 456 2452 Tarsi
470 2420 484 2444 ,
530 2380 867 2452 Metropoleos
907 2381 1123 2434 Cilicum
1151 2420 1163 2442 ,
1203 2378 1402 2451 Isauria
1431 2421 1444 2446 ,
1477 2384 1670 2445 Caria,

299 2458 576 2535 Lycaonia.
601 2457 724 2510 Hoc
745 2474 813 2513 ex
842 2474 1047 2526 numO,
1070 2471 1124 2512 et
1157 2456 1496 2532 Scriptorum
1527 2471 1677 2509 vete-

1469 2549 1595 2588 rum
