1856 2901
451 169 715 210 NvMos
766 167 1070 210 VRMVM
1284 172 1388 229 107

114 262 278 339 pserit
308 307 321 332 ,
366 265 422 320 id
473 285 601 323 vero
645 265 1053 322 controversum
1104 266 1215 320 est:
1266 274 1340 324 R.
1387 274 1457 328 P.

113 342 407 396 Harduinus
446 348 498 398 in
543 344 792 396 Chronol.
843 346 961 398 Vet.
1007 345 1148 411 Test.
1199 360 1227 395 e
1287 362 1459 399 numo

110 416 459 488 Tripolitano
491 458 505 483 ‚
541 418 638 488 qui
682 435 788 469 una
833 434 898 469 ex
948 433 1100 490 parte
1154 434 1316 489 caput
1363 437 1461 472 nu-

111 491 243 544 dum
297 497 375 548 M.
423 489 710 546 Antonii:
756 510 821 543 ex
873 492 1038 545 altera
1096 511 1260 564 caput
1301 492 1468 547 Cleo-

111 584 295 639 patrae
343 568 580 637 Reginae
649 563 1020 621 diadematum
1069 567 1230 620 offert
1259 608 1272 630 ,
1331 586 1458 621 cum

109 642 439 714 epigraphe:
474 648 903 699 ΤΡΠἸΟΛΙΤΩΝ.
952 652 1051 696 ΓΚ.
1096 644 1465 717 Τνιροίὶῑανιιηι

108 737 235 771 anno
292 736 377 788 23.
440 712 726 770 confecisse
788 714 840 772 se
904 733 1108 790 putat:
1161 719 1461 790 Tripolitas

109 795 307 844 Aeram
358 790 781 858 Caesarianam,
839 812 980 864 quae
1037 792 1222 847 ead-em
1278 797 1467 846 Anto·

108 867 271 921 niana
330 866 428 934 fit,
470 884 721 940 coeptam
777 872 946 922 Anno
997 872 1061 924 V.
1106 871 1179 923 C.
1229 886 1356 937 705.
1408 869 1465 920 in

110 941 215 996 hoc
271 959 444 997 numo
499 940 825 1015 confignaffe
859 988 872 1000 .
926 940 1161 998 Duobus
1214 962 1325 997 rem
1385 963 1472 996 ar-

109 1019 383 1092 gumentis
424 1017 636 1072 firmare
675 1019 1015 1072 connititur:
1063 1020 1267 1083 altem,
1301 1016 1461 1092 quod

109 1095 344 1146 Antonii
385 1095 598 1148 vultum
650 1110 847 1148 numus
887 1114 1013 1167 prae
1060 1092 1110 1147 se
1170 1093 1338 1158 ferat,
1385 1095 1466 1147 vi-

108 1167 222 1220 deti
284 1184 337 1222 et
399 1170 662 1243 epocham
700 1166 1471 1225 Caesariano-Antonianam

108 1241 452 1313 adhibitam'5
503 1247 710 1310 altero,
751 1245 912 1298 aliam
956 1251 1153 1298 Aetam
1196 1244 1314 1299 heic
1372 1241 1473 1297 effe

110 1336 223 1370 non
272 1318 452 1392 posse,
491 1337 657 1394 atque
693 1322 1080 1394 Pompeianam
1107 1362 1121 1386 ,
1161 1322 1240 1374 vel
1278 1320 1476 1374 Caesa-

109 1393 316 1448 rianam
361 1395 683 1455 laudatam:
732 1397 1122 1470 Pompeianam
1173 1414 1301 1449 vero
1359 1396 1467 1448 huc

109 1486 224 1521 non
272 1469 493 1535 facere3
542 1469 697 1544 quod
724 1510 738 1536 ,
785 1475 965 1525 numis
1011 1468 1233 1525 testibus
1267 1511 1281 1537 ,
1329 1470 1471 1523 inre-

105 1544 306 1599 riorem
341 1560 587 1611 tantum,
634 1545 725 1600 seu
783 1545 1193 1600 meridionalem
1245 1585 1257 1609 ‚
1322 1563 1471 1597 non,

109 1637 239 1675 vero
279 1619 611 1694 superiorem
642 1660 655 1686 ‚
688 1617 778 1672 seu
814 1619 1087 1679 borealem
1121 1621 1303 1688 Syriae
1344 1639 1468 1692 par-

108 1712 218 1749 tem
265 1699 321 1749 in
371 1696 621 1750 ordinem
676 1693 944 1765 redegerit
979 1735 993 1761 ‚
1036 1714 1266 1767 eamque
1307 1693 1469 1747 bene-

108 1770 287 1838 ficiis,
328 1787 423 1825 aut
464 1770 748 1826 Societatis
791 1769 1203 1826 foedere.inito
1248 1767 1340 1824 fibi
1379 1769 1474 1824 de·-

111 1847 343 1903 vinxerit
392 1849 715 1921 Pompeius,

261 1924 359 1978 His
404 1922 478 1976 ita
505 1962 518 1987 ‚
557 1924 639 1977 uti
691 1936 890 1996 putat,
943 1918 1297 1977 constabilitis
1327 1961 1341 1986 ,
1391 1937 1477 1973 re-

112 2001 192 2054 &te
232 1999 355 2054 sane
388 1997 641 2052 deducit:
679 1999 958 2052 Astiacam
1001 2002 1476 2071 pugnam(quam

111 2075 328 2130 secutus
376 2074 445 2126 est
513 2074 748 2128 Antonii
796 2073 1104 2139 interitus)
1152 2090 1265 2125 non
1327 2088 1477 2124 anno

111 2154 178 2207 V.
222 2155 297 2208 C.
347 2168 471 2219 723.
517 2168 659 2222 quae
709 2151 1017 2203 communis
1061 2164 1174 2202 erat
1223 2147 1477 2201 omnium

114 2225 381 2281 sententia
436 2245 452 2288 3
513 2223 602 2279 sed
670 2242 818 2283 anno
866 2223 1053 2279 saltem
1108 2243 1230 2293 727.
1272 2240 1477 2276 exeun·

111 2318 197 2367 te,
243 2319 338 2357 aut
386 2300 575 2372 potius
620 2306 742 2370 728.
777 2298 1056 2357 adcidiffe.
1096 2304 1240 2354 Nam
1286 2300 1342 2351 in
1372 2298 1479 2350 hoc

111 2397 288 2431 numo
343 2377 576 2429 Antonii
612 2377 798 2431 vultus
837 2375 1070 2441 indicat,
1117 2394 1183 2428 eo
1230 2374 1478 2436 vivente,

112 2472 173 2508 ac
225 2453 454 2509 florente
503 2451 643 2507 hanc
679 2467 959 2508 monetam
1003 2451 1101 2507 effe
1149 2446 1476 2524 percuffamz,

1234 2539 1400 2596 atque
