1856 2901
433 163 501 226 48
656 173 1152 214 ANIMADVERS.
1191 174 1263 214 IN
1302 173 1448 216 νεῖ.

358 291 438 327 res
472 268 632 325 habet
666 290 678 325 :
715 288 778 327 ut
808 270 955 345 apud
984 271 1313 351 Thucydidem
1344 273 1465 329 Lib.·
1485 273 1539 330 V.
1577 275 1711 328 Bra·

358 347 493 402 fidae
514 350 790 402 Laconum
824 347 969 402 Duci
990 391 1006 417 ,
1036 350 1085 402 ὦς
1109 349 1228 415 Ηρῶι
1267 386 1283 412 ‚
1318 363 1566 424 tanquam
1599 351 1715 403 He-

355 428 433 477 roi
463 424 697 478 honores
732 423 1012 479 decretos:
1053 439 1105 478 et
1148 424 1195 478 ὥς
1230 426 1393 490 ΚτισΊῇ
1415 465 1428 489 ,
1471 441 1717 498 tanquam

355 501 650 567 conditori,
695 500 988 555 Coloniam
1019 497 1326 554 dedicatam
1361 497 1548 564 fuisse,
1576 503 1719 554 Eru-

354 574 634 629 ditissimus
663 576 992 650 Spanhemius
1013 618 1027 644 ‚
1061 576 1278 649 aliaque
1308 574 1498 630 fimilia
1532 572 1720 629 obser·

352 653 498 707 vavit
530 693 544 706 .
609 651 931 706 Diademate
988 653 1224 706 cinelum
1287 665 1453 726 caput
1500 654 1715 706 Tomus

354 725 619 792 exhibet3
673 726 773 782 five
828 726 982 802 quod
1028 729 1084 780 in
1135 727 1331 784 vicinia
1388 728 1719 800 regionem

356 805 599 875 aliquam
630 844 642 869 ,
677 819 770 857 aut
807 802 974 876 ipsam
1014 804 1175 858 Ponti
1211 820 1418 876 partem
1453 822 1579 857 cum
1614 821 1717 876 po-

354 880 539 932 testate
590 880 737 950 regia
795 878 1067 933 obtineret
1115 896 1126 931 :
1188 879 1289 936 five
1335 878 1490 953 quod
1531 877 1717 952 Conse-

352 971 493 1010 cruto
539 952 594 1006 id
639 955 864 1009 honoris
906 953 1207 1010 tribuerent
1232 993 1245 1009 .

463 1029 635 1099 Qod
671 1049 753 1084 me
789 1049 957 1104 porro
996 1031 1052 1084 in
1093 1031 1195 1087 hac
1231 1034 1542 1087 coniee‘iura
1574 1049 1712 1085 con-

348 1103 530 1160 firmat
553 1146 566 1170 ,
594 1107 664 1160 est
697 1107 868 1161 illud:
905 1107 1171 1163 Ovidium
1212 1123 1355 1163 certe
1379 1149 1393 1175 ‚
1428 1113 1536 1175 (ut
1571 1106 1711 1160 nihil

346 1182 413 1235 de
446 1180 711 1237 Strabone
733 1222 747 1248 ‚
797 1203 858 1238 ac
886 1184 1164 1257 Stephano
1198 1183 1376 1238 dicam
1407 1188 1428 1250 )
1472 1184 1570 1256 qui
1598 1187 1712 1237 To-

344 1259 602 1312 mitarum
641 1260 826 1313 omnia
860 1259 1079 1314 excuffit
1102 1301 1116 1327 ‚
1145 1278 1260 1313 non
1293 1261 1711 1332 ignoraturum,

350 1353 533 1407 neque
587 1333 796 1389 filentio
837 1337 1258 1409 praeteriturum
1311 1333 1472 1391 fuisse
1511 1376 1525 1403 ,
1563 1334 1598 1389 fi
1644 1334 1712 1389 de

349 1412 533 1465 Tomo
558 1452 570 1476 ,
606 1409 753 1464 urbis·
783 1412 1090 1466 Conditore
1114 1452 1129 1476 ‚
1160 1412 1304 1467 fama
1349 1412 1570 1484 aliqua,
1610 1426 1710 1465 aut

346 1488 614 1541 memoria
655 1487 966 1557 consignata
995 1486 1268 1540 exstitisset
1295 1528 1310 1542 .
1357 1487 1540 1540 Nostri
1576 1504 1708 1539 vero

343 1565 498 1616 numi
536 1603 549 1628 ,
590 1561 624 1615 fi
674 1560 936 1615 fabricam
991 1561 1161 1635 ipsam
1196 1602 1209 1627 ‚
1260 1577 1312 1615 et
1351 1561 1710 1629 chara&ere8,

342 1658 405 1692 ac
449 1638 642 1692 faciem
688 1655 907 1691 omnem
950 1637 1278 1692 confiderem
1312 1658 1328 1703 ,·
1369 1656 1483 1691 non
1519 1636 1709 1691 viden-

342 1729 434 1768 tur
477 1713 609 1767 mihi
654 1712 722 1766 ad
753 1714 1000 1767 altiorem
1037 1715 1352 1767 vetustatem
1385 1754 1399 1779 ‚
1437 1731 1603 1784 quam
1638 1712 1708 1768 ad

346 1789 544 1844 saeculi
585 1809 612 1841 a
649 1793 799 1842 Nato
834 1793 1116 1844 Servatore
1156 1790 1298 1842 tertii
1335 1789 1557 1843 initium
1603 1789 1709 1844 cir-

343 1867 477 1920 citer
515 1865 756 1919 revocari
804 1863 956 1938 posse
987 1909 1000 1923 .
1042 1869 1229 1934 Qare
1270 1868 1510 1919 Tomum
1557 1863 1706 1920 hunc

343 1944 461 2015 post
515 1941 702 1995 Ovidii
746 1956 982 1997 mortem
1029 1939 1219 1997 vixisse
1250 1983 1265 2010 ‚
1317 1961 1377 1996 ac
1421 1937 1705 1998 floruisse.-

336 2019 582 2072 existimo
616 2054 627 2070 .

450 2093 863 2148 Controverfiae
908 2095 1080 2148 totius
1122 2092 1252 2147 haec
1298 2093 1367 2147 est
1410 2091 1696 2165 Synopfis:

337 2188 440 2243 pro
492 2170 707 2240 origine
756 2172 992 2225 nominis
1040 2173 1227 2237 Tomi,
1272 2167 1579 2223 deducendi
1631 2166 1703 2222 ab

335 2244 581 2315 Absyrto
621 2246 829 2300 laniato
860 2288 874 2313 ,
922 2261 1134 2321 pugnat
1176 2243 1351 2300 famae
1380 2286 1396 2312 ,
1440 2264 1500 2299 ac
1530 2242 1703 2298 tradi-

337 2322 505 2376 tionis
539 2324 768 2377 vetustas
800 2341 809 2374 :
846 2343 948 2397 pro
981 2323 1174 2377 eodem
1207 2322 1432 2377 nomine
1461 2319 1700 2374 deduti'to

337 2418 366 2452 a
400 2402 581 2453 Tomo
605 2437 618 2464 ,
668 2396 816 2452 urbis
853 2399 1163 2455 Conditore
1198 2441 1212 2467 ,
1266 2399 1421 2455 numi
1459 2395 1558 2451 soli
1590 2435 1604 2462 ‚
1645 2409 1701 2449 et

335 2474 486 2530 haud
526 2477 600 2530 ita
645 2475 903 2550 antiqui:
955 2494 1060 2553 pro
1102 2475 1280 2533 media
1327 2473 1567 2554 quadam
1612 2471 1700 2528 via

1425 2564 1624 2606 ineun-
