1856 2901
508 139 779 180 NVMos
855 137 1172 179 VRBIVM
1384 148 1449 199 43

364 315 620 368 NVMI
698 310 1328 369 TOMITARVM

553 439 663 479 TA
705 440 734 476 B
774 439 809 479 V
850 440 958 478 LA
1036 428 1131 479 ΙΙ.

171 620 274 730 ΓΙἼ
299 613 609 668 Omitarum
641 610 796 666 numi
825 613 1074 687 antiqui,
1107 613 1204 687 qui
1236 612 1519 684 Augusto-

318 706 439 743 rum
465 725 479 754 ,
521 687 880 755 Caesarumve
923 691 1083 744 vultu
1135 689 1324 760 {ignati
1362 687 1487 741 sunt
1513 728 1527 755 ‚

164 767 286 821 satis
348 763 657 836 frequentes
714 764 1036 819 habentur:
1103 767 1341 819 aliorum
1399 781 1531 818 vero

163 840 452 916 pauciffimi
499 840 699 912 prolati
748 840 872 894 sunt
902 885 915 897 .
953 841 1207 895 Goltzius
1256 841 1530 894 unicum-2

161 915 378 972 exhibet
406 955 419 981 ,
463 916 558 988 qui
595 935 702 970 una
733 936 798 970 ex
832 933 983 990 parte
1013 932 1179 990 caput
1211 916 1527 989 Apollinisg

161 1011 226 1047 ex
271 995 435 1047 altera
481 989 780 1050 Dioscuros
831 994 1064 1046 ostendit
1095 1034 1108 1047 .
1164 997 1230 1049 R.
1277 997 1333 1046 P.
1381 995 1528 1044 Har-

161 1069 364 1123 duinus
401 1068 572 1134 alium
615 1087 642 1121 e
668 1069 906 1122 Cimelio
939 1073 986 1123 S.
1016 1066 1330 1121 Genovefae
1371 1086 1527 1120 com-

161 1159 457 1211 memorat,
486 1146 544 1196 in
574 1163 689 1215 quo
722 1154 945 1198 ΤΟΜΟΣ
986 1154 1297 1197 ΚΤΙΣΤΗΣ.
1341 1146 1523 1196 Tomos

160 1222 407 1274 Conditor
433 1261 446 1275 .
487 1224 644 1290 Qae
688 1219 746 1274 fit
795 1217 1083 1292 utriusque
1115 1218 1274 1273 faciei
1318 1221 1374 1271 in
1422 1236 1527 1271 nu-

160 1315 253 1352 mo
285 1294 497 1367 figura,
540 1314 655 1349 non
707 1296 998 1368 adiungit:
1045 1299 1159 1349 eius
1198 1311 1378 1349 tamen
1422 1295 1532 1348 iam

161 1386 319 1428 antea
360 1372 609 1427 meminit
656 1373 990 1448 Haeschelius
1038 1375 1091 1424 in
1133 1375 1264 1424 Not.
1321 1370 1392 1425 ad
1437 1373 1532 1424 Bi·

159 1448 337 1502 hlioth.
369 1448 536 1500 Photii
566 1489 579 1513 ‚
621 1464 674 1501 et
713 1469 778 1502 ex
825 1448 930 1502 hoc
968 1449 1264 1516 Holstem'us
1296 1446 1365 1502 ad
1402 1448 1532 1502 Ste-

155 1525 373 1598 phanum
398 1565 410 1578 .
457 1525 719 1590 Qatuor
749 1524 869 1577 heic
906 1541 1010 1592 ego
1038 1523 1385 1576 Tomitarum
1429 1539 1533 1575 nu-

158 1599 370 1661 mosjn
408 1599 647 1667 imagine
694 1595 861 1651 fistam
890 1637 903 1662 ,
955 1615 1197 1669 quorum
1243 1613 1347 1651 tres
1386 1600 1531 1650 Tomi

157 1674 455 1729 Conditoris
504 1691 669 1744 caput
720 1674 993 1726 ostentant
1029 1711 1042 1736 ,
1094 1671 1300 1726 diversa
1350 1673 1525 1745 partis

154 1748 391 1825 posticae
423 1746 598 1819 figura
627 1766 636 1798 :
673 1763 901 1819 quartus
930 1747 1282 1816 Magistratus
1316 1766 1524 1801 nomen

155 1821 375 1879 exhibet
409 1864 421 1888 ,
466 1822 621 1896 quod
658 1823 714 1877 in
759 1824 914 1877 nullo
960 1822 1218 1876 hafflenus
1263 1824 1518 1877 Tomita-

153 1918 278 1956 rum
315 1917 487 1952 numo
521 1899 881 1954 animadverti
910 1941 922 1954 .
962 1898 1135 1952 Numi
1177 1900 1249 1951 ita
1276 1897 1480 1952 habent
1508 1939 1523 1965 ,

229 1979 282 2030 Ι.
312 1985 580 2044 TOMOC
611 2018 623 2031 .
665 1979 868 2032 Tomos.
915 1978 1100 2048 Caput
1129 1973 1372 2028 imberbe
1406 1974 1524 2028 dia-

154 2051 368 2106 demate
414 2051 652 2116 cin&urn
683 2090 696 2107 .

262 2137 643 2185 ΤΟΜΕΙΤΩΝ.
677 2129 1023 2184 Tomitarnm.
1067 2125 1178 2179 Leo
1211 2126 1377 2185 stans.
1421 2125 1520 2183 Vi-

155 2202 223 2262 de
263 2201 533 2258 Tabulam
580 2209 661 2261 ΙΙ.
708 2222 861 2258 num.
909 2224 1036 2259 X1v.

234 2281 320 2334 ΙΙ.
368 2290 589 2332 TOMOC
618 2323 631 2337 .
669 2275 979 2337 KTICTHCJ.
1024 2282 1205 2333 Tomus
1241 2279 1520 2333 Conditor.

157 2357 342 2430 Caput
372 2395 386 2421 ,
432 2357 512 2409 uti
557 2357 612 2411 in
656 2356 875 2430 priore.

270 2441 613 2491 ΤΟΜΕΙΤΩΝ
643 2436 1032 2503 Tomitm‘um.
1076 2431 1339 2488 Hercules
1376 2429 1521 2482 stans*

1251 2505 1440 2559 dexte-
