1856 2901
371 156 439 218 98
595 157 1199 202 AN1MADVERS.1N
1241 157 1389 199 VET.

298 281 408 335 que
450 260 611 314 huius
655 258 801 314 urbis
837 275 1036 311 nomen
1082 255 1339 328 Iosephus
1379 252 1483 309 Lib.
1513 256 1650 311 XVI.

298 339 485 411 Antiq.
521 340 640 411 Cap.
683 337 774 389 IV.
807 333 1069 406 exponit:
1110 331 1284 400 Ηρώὸης
1323 332 1372 384 ὃέ
1399 331 1549 385 πλέων
1575 337 1656 383 σὼ

298 420 394 468 τοῖς
433 433 627 476 παις-ιν,
661 412 712 464 ὥς
748 410 929 478 ἐγένετο
966 411 1093 461 κατὰ
1126 410 1338 461 Κιλικίαν
1378 408 1420 457 ἐν
1450 407 1658 471 Eaedem,

298 494 354 550 τῆ
397 487 772 553 μετωνομασμένῃ
818 489 889 538 νῦν
942 486 1122 551 Σεβκςῄ
1146 523 1159 549 ,
1197 483 1549 549 καταλαμβάνει
1577 485 1655 534 τδν

298 564 506 633 βασιλέα
552 567 632 628 τῇς
691 561 1027 615 Kamechia
1095 560 1334 629 Αρχέλοιον
1365 599 1378 613 .
1429 555 1659 612 Herodes

297 655 467 695 autem
517 656 624 690 cum
661 636 804 707 filiis
857 635 969 710 suis
1016 637 1311 706 navigans,
1343 632 1423 686 ubi
1468 631 1537 690 ad
1566 634 1659 683 Ci-

295 715 472 770 liciam
514 715 569 765 in
611 709 848 784 Eleusam
880 712 1131 786 pervenit
1162 747 1178 774 ‚
1218 726 1343 781 quae
1391 728 1517 761 nunc
1553 708 1650 764 Se·

300 789 431 858 haste
474 787 772 859 adpellatur
805 827 819 853 ,
865 785 1109 841 convenit
1157 783 1271 839 illic
1324 783 1658 847 Archelaum,

301 862 644 938 Cappadociae
714 865 900 934 Regem
946 902 960 916 .
1019 855 1312 932 Vtriusque
1407 858 1652 912 nominis

301 935 557 993 Elaeusae
592 975 607 1002 ,
644 950 696 989 et
748 934 976 991 Sebastes
1028 935 1274 988 meminit
1325 934 1488 989 etiam
1529 935 1657 987 Ste-

294 1014 521 1088 phanus,
553 1027 605 1065 et
643 1012 844 1083 gentile
875 1029 1077 1066 nomen
1108 1014 1383 1064 Ελαιέσσιος
1423 1008 1658 1074 format,

301 1089 505 1161 quale,
562 1086 788 1160 dempto
843 1106 959 1142 uno
1008 1106 1066 1142 s,
1124 1086 1183 1138 in
1245 1103 1418 1139 numo
1470 1085 1656 1138 nostro

302 1163 572 1235 fignatum
619 1164 722 1218 est.
764 1165 1079 1218 Ptolemaeus
1132 1160 1237 1218 Lib.
1274 1164 1326 1217 V.
1365 1165 1485 1233 Cap.
1510 1161 1657 1214 VIII.

303 1237 479 1295 solum
518 1255 719 1292 nomen
773 1236 1002 1295 Sebastes
1045 1235 1261 1305 adfert,
1312 1252 1478 1309 atque
1526 1252 1654 1289 cum

303 1316 483 1371 vicina
513 1317 734 1382 Coryco
753 1354 767 1379 ‚
795 1315 875 1368 uti
903 1330 956 1368 et
1001 1312 1301 1386 Stephanus
1322 1351 1336 1378 ,
1376 1312 1660 1365 nominat:

304 1396 399 1452 Τῆς
439 1392 563 1446 telas
619 1392 830 1444 Κιλικίοις
868 1428 883 1456 ,
938 1393 1130 1458 Κώρυκος
1183 1389 1401 1456 Σεβκςή.
1452 1387 1666 1441 Ciliciae

299 1469 533 1543 propriae
572 1505 587 1531 ,
635 1469 850 1540 Corycus
881 1503 896 1530 ,
961 1464 1196 1533 Sebaste.

424 1540 593 1609 Numi
631 1555 858 1611 quoque
891 1538 1057 1593 huius
1085 1535 1233 1591 urbis
1260 1575 1274 1601 ,
1306 1536 1404 1608 qui
1435 1555 1464 1589 a
1494 1538 1667 1590 Com·-

311 1615 464 1671 modi
516 1611 855 1686 temporibus
894 1610 1195 1677 habentur,
1237 1621 1665 1666 ΣΕΒΑΣΤΗΝΩΝ

311 1706 528 1748 tantum
571 1688 816 1761 inscripti
863 1686 1345 1762 deprehenduntur
1372 1729 1386 1743 .
1438 1691 1514 1740 At
1561 1704 1663 1738 no-

311 1767 638 1839 ster‚quum
666 1780 966 1836 utrumque
1001 1780 1202 1815 nomen
1235 1763 1464 1816 ostentet
1485 1759 1662 1826 ,haud

311 1839 479 1897 dubie
541 1860 607 1895 eo
674 1854 922 1912 tempore
981 1835 1137 1892 cusus
1203 1836 1420 1892 videtur
1461 1876 1475 1902 ‚
1550 1854 1667 1908 quo

308 1914 565 1972 Elaeusae
615 1934 817 1971 nomen
869 1933 983 1969 non
1039 1913 1170 1967 dum
1216 1913 1449 1967 exolevit
1482 1932 1505 1977 ‚·
1554 1913 1666 1964 imo

311 2011 443 2049 vero
474 2033 488 2060 ,
531 2010 646 2065 quo
698 1989 927 2045 Sebastes
988 1989 1338 2063 compellatio
1368 2028 1382 2055 ,
1435 1987 1665 2041 honori-

309 2067 400 2124 fici
481 2067 827 2139 cognominis
897 2084 1029 2138 ergo
1098 2080 1313 2120 tantum
1367 2061 1657 2135 usurpata„

314 2144 495 2201 fuerat
529 2185 541 2198 .
585 2141 855 2216 Equidem
903 2141 1079 2216 ipsum
1122 2140 1452 2197 Archelaum
1507 2139 1668 2195 Seba-
1721 2171 1724 2174 ·

300 2224 408 2293 fles
455 2237 656 2273 nomen
714 2216 969 2273 Elaeusae
1028 2216 1151 2272 suae
1202 2213 1446 2279 adiecisse
1483 2253 1498 2279 ‚
1551 2229 1666 2267 ‘nu-

314 2294 485 2369 spiam
538 2295 706 2366 lego:
761 2309 971 2352 certum
1024 2292 1158 2350 mihi
1211 2308 1393 2349 tamen
1448 2290 1558 2354 est,
1613 2287 1670 2342 id

316 2371 592 2426 Archelao
640 2372 858 2433 auctore
900 2369 1103 2425 factum
1151 2365 1279 2422 effe.
1327 2372 1471 2422 Nam
1509 2363 1667 2422 Seba-

312 2451 449 2522 stes,
489 2444 579 2504 seu
618 2449 876 2522 Augustae.-
902 2463 1136 2513 nomen,
1168 2444 1253 2500 uti
1301 2445 1435 2501 aliae
1483 2437 1670 2526 urbes,

1519 2530 1599 2573 ita
