1856 2901
411 168 486 217 44
642 148 1147 203 ANIMADVERS.
1185 162 1260 201 IN
1302 157 1449 203 νετ.

346 263 626 318 dexteram
672 261 823 317 clava
871 260 1032 315 fulcit
1066 281 1082 325 3
1118 260 1317 319 sinistra
1367 258 1563 334 pellem
1594 255 1709 311 leo·

343 341 428 398 nis
464 337 714 393 sustinet.
771 334 983 392 Tabula
1021 340 1112 391 11.
1162 353 1314 391 num.
1345 352 1451 391 xv,

418 418 542 469 ΙΙΙ.
581 423 807 466 ΤΟΜΟΥ
829 455 841 468 .
881 422 1084 467 ΗΡΑΟΟ
1118 453 1132 468 .
1162 413 1313 466 Tomi
1345 414 1566 468 Herois.
1605 412 1714 466 Ca·

347 507 451 568 put
485 531 498 556 ,
544 489 624 542 uti
669 489 725 540 in
775 485 1050 564 prioribus
1078 529 1091 543 .

495 573 845 618 TOMEITQN
867 606 880 619 .
913 567 1255 620 Tomitarum.
1289 564 1489 634 Figura
1525 561 1716 615 stolata

345 644 485 698 stans
507 681 521 705 ‚
556 639 834 695 dexteram
878 638 1016 712 quid
1058 654 1209 711 gerat
1234 681 1248 706 ,
1288 657 1402 693 non
1437 634 1716 709 dignosci·

339 735 437 773 tur
492 737 508 781 3
565 715 763 771 sinistra
817 716 1021 771 hastam
1069 734 1265 789 puram
1295 754 1310 771 .
1365 712 1577 769 Tabula
1628 715 1717 768 11.

349 811 521 848 num.
566 811 699 847 xv1.

426 871 531 923 IV.
575 870 759 941 Caput
790 865 1052 921 Mercurii
1080 906 1095 933 ,
1140 867 1329 940 galero
1375 867 1577 920 metum
1601 907 1616 932 ,
1652 861 1715 918 fi-

341 963 419 999 ne
462 943 559 997 alis
591 986 603 1000 .

504 1028 700 1071 ToMJ.
740 1027 960 1072 ΘΕΟΦῙ.
1001 1024 1245 1087 Τομιτῶν,
1271 1019 1515 1086 Θεοφῖλε.
1548 1016 1719 1068 Tomi-

348 1111 520 1150 tarum
539 1093 629 1166 sub
644 1094 935 1168 Theophila·
976 1094 1262 1150 Caduceus
1281 1138 1293 1152 .
1321 1093 1493 1149 Numi
1519 1109 1712 1145 omnes

350 1188 601 1242 quatuor
643 1168 767 1223 sunt
809 1189 872 1223 ex
921 1189 1074 1237 aere,
1111 1172 1271 1245 *parvi
1320 1169 1533 1225 moduli
1568 1185 1580 1220 :
1622 1166 1715 1220 hic

347 1251 650 1320 postremus
685 1263 940 1317 magnam
964 1288 976 1312 ,
1015 1266 1142 1321 prae
1178 1249 1403 1322 reliquis
1428 1287 1442 1312 ,
1475 1244 1716 1299 vetusta-

348 1338 460 1375 tem
484 1362 498 1387 ‚
528 1342 636 1395 qua
683 1324 800 1395 typi
839 1321 1178 1396 simplicitate
1205 1366 1219 1391 ,
1263 1345 1373 1397 qua
1413 1321 1582 1376 literis
1614 1358 1629 1386 ‚
1659 1332 1714 1372 et

357 1396 565 1452 fabrica
594 1396 996 1471 ‘ipsa,ostendit
1019 1441 1032 1455 .
1064 1398 1199 1455 Tab.
1237 1404 1316 1456 11.
1349 1417 1498 1453 num.
1537 1413 1676 1452 xvn.

509 1477 718 1528 Tomus
763 1514 775 1537 ‚
830 1475 1064 1529 Moesiae
1109 1474 1384 1529 inferioris
1436 1471 1597 1531 urbs,
1636 1469 1716 1524 -ad

356 1552 595 1604 Pontum
640 1550 922 1602 Euxinum
949 1590 963 1615 ‚
1003 1548 1070 1603 ab
1115 1549 1302 1604 Ovidii
1351 1550 1535 1605 exfilio
1581 1547 1720 1601 cele·

342 1622 461 1678 'bris
483 1666 496 1690 ‚
534 1626 591 1677 in
629 1624 810 1678 numis
839 1666 852 1690 ,
884 1624 950 1678 ab
982 1627 1277 1679 Antonino
1308 1626 1405 1680 Pio
1437 1647 1454 1693 5
1497 1626 1627 1678 item
1662 1624 1719 1676 in

352 1703 587 1754 Notitiis
618 1702 977 1772 Ecclesz'asticis
1000 1741 1013 1765 ,
1042 1717 1096 1754 et
1121 1721 1151 1755 a
1179 1704 1454 1757 Sozomeno
1482 1699 1590 1754 Lib.
1623 1702 1654 1753 I
1664 1701 1719 1753 V.

350 1780 475 1848 Cap.
513 1794 594 1830 11.
637 1778 828 1844 Histor.
862 1777 1000 1833 Eccl.
1049 1776 1378 1850 Metropolis
1409 1817 1423 1844 ‚
1467 1778 1674 1846 Magna
1703 1815 1716 1839 ,

349 1867 402 1904 et
434 1851 581 1904 Felix
613 1852 979 1924 compellatur
1007 1893 1020 1907 .
1060 1852 1189 1905 Eius
1221 1870 1426 1906 nomen
1462 1853 1620 1908 aliter
1647 1847 1719 1904 ab

354 1927 476 1980 aliis·
506 1924 761 1981 scribitur
785 1927 971 1983 Strabo
1008 1927 1126 1983 Lib.
1159 1931 1275 1983 VII.
1323 1926 1565 1984 Eandem
1594 1927 1716 2000 post

353 2004 549 2058 Istrum
577 2000 880 2058 describens
902 2043 916 2069 ‚
952 2004 1026 2058 ita
1060 2005 1346 2059 nominat:
1389 2017 1511 2060 Ειτει
1532 2016 1567 2058 Ἰ
1582 2007 1677 2069 &sm
1699 2040 1718 2067 ,

347 2077 501 2147 ἕτερον
534 2080 774 2149 πολίχνιον
814 2083 857 2132 ἐν
894 2081 1135 2134 διακοσίοις
1165 2084 1449 2143 πεντήκοντα
1490 2081 1684 2134 cheliom
1707 2113 1722 2130 .

350 2155 554 2209 Deinde
595 2157 776 2208 Tomus
817 2159 885 2225 est
924 2157 1035 2213 alia
1075 2156 1308 2214 urhecula
1334 2200 1348 2224 ‚
1398 2157 1587 2228 dtstans
1629 2155 1724 2209 du·

348 2247 501 2285 centa
533 2234 910 2305 quinquaginta
926 2234 1102 2303 stadia
1123 2274 1136 2289 .
1178 2232 1348 2287 Aliud
1393 2250 1595 2286 nomen
1617 2271 1631 2296 ‚
1666 2245 1720 2285 et

351 2307 614 2360 maiorem
650 2305 717 2360 ab
752 2309 913 2374 lstm,
957 2306 1044 2363 seu
1087 2309 1234 2364 Istria
1272 2308 1582 2364 distantiam
1615 2325 1719 2380 po·

350 2382 434 2436 nit
484 2387 739 2440 Arrianus
790 2388 845 2437 in
887 2387 1087 2460 Periplo
1131 2388 1377 2440 Euxini:
1425 2382 1493 2440 ab
1536 2383 1717 2438 lstria..

348 2476 543 2535 nempe
569 2462 614 2515 ἐς
645 2463 834 2529 τομάιας
866 2463 997 2518 πόλιν
1034 2462 1202 2520 <tidelm
1234 2464 1480 2533 τριακόσιοι
1509 2500 1525 2529 ,
1562 2456 1717 2586 ιιξὲκε

1572 2553 1604 2592 a
