<?xml version="1.0" encoding="UTF-8"?>
<!DOCTYPE html PUBLIC "-//W3C//DTD XHTML 1.0 Transitional//EN"
    "http://www.w3.org/TR/xhtml1/DTD/xhtml1-transitional.dtd">
<html xmlns="http://www.w3.org/1999/xhtml" xml:lang="en" lang="en">
 <head>
  <title>
</title>
<meta http-equiv="Content-Type" content="text/html;charset=utf-8" />
  <meta name='ocr-system' content='tesseract 3.04.00' />
  <meta name='ocr-capabilities' content='ocr_page ocr_carea ocr_par ocr_line ocrx_word'/>
</head>
<body>
  <div class='ocr_page' id='page_1' title='image "./litterariaeopusc07gori/litterariaeopusc07gori_0160.png"; bbox 0 0 1856 2901; ppageno 0'>
   <div class='ocr_carea' id='block_1_1' title="bbox 397 164 1467 247">
    <p class='ocr_par' dir='ltr' id='par_1_1' title="bbox 397 164 1467 247">
     <span class='ocr_line' id='line_1_1' title="bbox 397 164 1467 247; baseline -0.017 -13"><span class='ocrx_word' id='word_1_1' title='bbox 397 172 514 247; x_wconf 66' lang='grc' dir='ltr'>ἰμ’</span> <span class='ocrx_word' id='word_1_2' title='bbox 668 170 1163 226; x_wconf 60' lang='grc' dir='ltr'>ἈΝῙΜΑυνεκε.</span> <span class='ocrx_word' id='word_1_3' title='bbox 1199 175 1274 220; x_wconf 73' lang='lat' dir='ltr'>m</span> <span class='ocrx_word' id='word_1_4' title='bbox 1310 164 1467 221; x_wconf 54' lang='lat' dir='ltr'>vm&amp;</span> 
     </span>
    </p>
   </div>
   <div class='ocr_carea' id='block_1_2' title="bbox 314 272 1710 2486">
    <p class='ocr_par' dir='ltr' id='par_1_2' title="bbox 318 272 1681 514">
     <span class='ocr_line' id='line_1_2' title="bbox 319 272 1681 354; baseline -0.005 -13"><span class='ocrx_word' id='word_1_5' title='bbox 319 302 415 343; x_wconf 83' lang='lat' dir='ltr'>tur</span> <span class='ocrx_word' id='word_1_6' title='bbox 452 327 466 342; x_wconf 93' lang='lat'><strong>.</strong></span> <span class='ocrx_word' id='word_1_7' title='bbox 508 282 764 349; x_wconf 74' lang='lat' dir='ltr'>ThoraX‚</span> <span class='ocrx_word' id='word_1_8' title='bbox 800 283 1018 354; x_wconf 88' lang='lat' dir='ltr'>aliaque</span> <span class='ocrx_word' id='word_1_9' title='bbox 1083 297 1230 333; x_wconf 89' lang='lat' dir='ltr'>arma</span> <span class='ocrx_word' id='word_1_10' title='bbox 1285 277 1440 333; x_wconf 89' lang='lat' dir='ltr'>humi</span> <span class='ocrx_word' id='word_1_11' title='bbox 1484 272 1681 350; x_wconf 57' lang='lat' dir='ltr'>positass</span> 
     </span>
     <span class='ocr_line' id='line_1_3' title="bbox 318 354 1680 436; baseline -0.009 -19"><span class='ocrx_word' id='word_1_12' title='bbox 318 367 614 436; x_wconf 78' lang='lat' dir='ltr'>Argenteus</span> <span class='ocrx_word' id='word_1_13' title='bbox 664 362 928 433; x_wconf 82' lang='lat' dir='ltr'>quinarius</span> <span class='ocrx_word' id='word_1_14' title='bbox 972 373 985 406; x_wconf 72' lang='grc' dir='ltr'>ε</span> <span class='ocrx_word' id='word_1_15' title='bbox 1042 359 1096 410; x_wconf 87' lang='lat' dir='ltr'>in</span> <span class='ocrx_word' id='word_1_16' title='bbox 1158 354 1369 408; x_wconf 76' lang='lat' dir='ltr'>Cimelio</span> <span class='ocrx_word' id='word_1_17' title='bbox 1422 356 1680 427; x_wconf 76' lang='lat' dir='ltr'>Augustae</span> 
     </span>
     <span class='ocr_line' id='line_1_4' title="bbox 319 435 1077 514; baseline -0.012 -18"><span class='ocrx_word' id='word_1_18' title='bbox 319 439 670 514; x_wconf 82' lang='lat' dir='ltr'>Imperatricis</span> <span class='ocrx_word' id='word_1_19' title='bbox 721 451 773 488; x_wconf 77' lang='lat' dir='ltr'>et</span> <span class='ocrx_word' id='word_1_20' title='bbox 819 435 1077 506; x_wconf 83' lang='lat' dir='ltr'><em>Reginae.</em></span> 
     </span>
    </p>

    <p class='ocr_par' dir='ltr' id='par_1_3' title="bbox 314 499 1710 2486">
     <span class='ocr_line' id='line_1_5' title="bbox 475 499 1683 583; baseline -0.007 -16"><span class='ocrx_word' id='word_1_21' title='bbox 475 517 580 569; x_wconf 89' lang='lat' dir='ltr'>Res</span> <span class='ocrx_word' id='word_1_22' title='bbox 623 508 734 581; x_wconf 89' lang='lat' dir='ltr'>ipsa</span> <span class='ocrx_word' id='word_1_23' title='bbox 778 510 1032 583; x_wconf 90' lang='lat' dir='ltr'>loquitur</span> <span class='ocrx_word' id='word_1_24' title='bbox 1063 551 1076 576; x_wconf 84' lang='lat'>‚</span> <span class='ocrx_word' id='word_1_25' title='bbox 1120 506 1268 562; x_wconf 92' lang='lat' dir='ltr'>hunc</span> <span class='ocrx_word' id='word_1_26' title='bbox 1323 523 1558 560; x_wconf 85' lang='lat' dir='ltr'>numum</span> <span class='ocrx_word' id='word_1_27' title='bbox 1618 499 1683 559; x_wconf 78' lang='lat' dir='ltr'>fi·</span> 
     </span>
     <span class='ocr_line' id='line_1_6' title="bbox 321 580 1686 662; baseline -0.007 -17"><span class='ocrx_word' id='word_1_28' title='bbox 321 605 558 662; x_wconf 87' lang='lat' dir='ltr'>gnatum</span> <span class='ocrx_word' id='word_1_29' title='bbox 601 584 700 641; x_wconf 81' lang='lat' dir='ltr'>effe</span> <span class='ocrx_word' id='word_1_30' title='bbox 747 585 804 639; x_wconf 89' lang='lat' dir='ltr'>in</span> <span class='ocrx_word' id='word_1_31' title='bbox 850 585 1171 639; x_wconf 82' lang='lat' dir='ltr'>memoriam</span> <span class='ocrx_word' id='word_1_32' title='bbox 1221 583 1557 638; x_wconf 85' lang='lat' dir='ltr'>celeberrimi</span> <span class='ocrx_word' id='word_1_33' title='bbox 1617 580 1686 635; x_wconf 79' lang='lat' dir='ltr'>il·</span> 
     </span>
     <span class='ocr_line' id='line_1_7' title="bbox 314 667 1685 723; baseline -0.008 -3"><span class='ocrx_word' id='word_1_34' title='bbox 314 667 426 721; x_wconf 77' lang='lat' dir='ltr'>lius</span> <span class='ocrx_word' id='word_1_35' title='bbox 495 677 773 717; x_wconf 78' lang='lat' dir='ltr'>TIBERII</span> <span class='ocrx_word' id='word_1_36' title='bbox 866 673 1255 715; x_wconf 73' lang='lat' dir='ltr'>SEMPRomr</span> <span class='ocrx_word' id='word_1_37' title='bbox 1333 671 1685 723; x_wconf 75' lang='lat' dir='ltr'>GRAccm,</span> 
     </span>
     <span class='ocr_line' id='line_1_8' title="bbox 323 730 1688 810; baseline -0.01 -12"><span class='ocrx_word' id='word_1_38' title='bbox 323 738 565 798; x_wconf 89' lang='lat' dir='ltr'>Tribuni</span> <span class='ocrx_word' id='word_1_39' title='bbox 604 736 813 802; x_wconf 79' lang='lat' dir='ltr'>Plebis,</span> <span class='ocrx_word' id='word_1_40' title='bbox 852 737 951 810; x_wconf 90' lang='lat' dir='ltr'>qui</span> <span class='ocrx_word' id='word_1_41' title='bbox 980 735 1270 808; x_wconf 85' lang='lat' dir='ltr'>Agrariam</span> <span class='ocrx_word' id='word_1_42' title='bbox 1304 734 1481 806; x_wconf 89' lang='lat' dir='ltr'>legem</span> <span class='ocrx_word' id='word_1_43' title='bbox 1529 753 1557 790; x_wconf 90' lang='lat' dir='ltr'>a</span> <span class='ocrx_word' id='word_1_44' title='bbox 1594 730 1688 788; x_wconf 87' lang='lat' dir='ltr'>Li-</span> 
     </span>
     <span class='ocr_line' id='line_1_9' title="bbox 317 811 1690 885; baseline -0.007 -12"><span class='ocrx_word' id='word_1_45' title='bbox 317 818 473 873; x_wconf 90' lang='lat' dir='ltr'>cinio</span> <span class='ocrx_word' id='word_1_46' title='bbox 520 816 752 871; x_wconf 87' lang='lat' dir='ltr'>Stolone</span> <span class='ocrx_word' id='word_1_47' title='bbox 802 813 968 868; x_wconf 90' lang='lat' dir='ltr'>latam</span> <span class='ocrx_word' id='word_1_48' title='bbox 1001 851 1015 879; x_wconf 88' lang='lat'>‚</span> <span class='ocrx_word' id='word_1_49' title='bbox 1053 830 1119 866; x_wconf 92' lang='lat' dir='ltr'>ne</span> <span class='ocrx_word' id='word_1_50' title='bbox 1173 811 1297 885; x_wconf 90' lang='lat' dir='ltr'>quis</span> <span class='ocrx_word' id='word_1_51' title='bbox 1352 811 1575 867; x_wconf 88' lang='lat' dir='ltr'>Civium</span> <span class='ocrx_word' id='word_1_52' title='bbox 1628 827 1690 863; x_wconf 86' lang='lat' dir='ltr'>a·</span> 
     </span>
     <span class='ocr_line' id='line_1_10' title="bbox 321 885 1689 966; baseline -0.005 -18"><span class='ocrx_word' id='word_1_53' title='bbox 321 909 488 966; x_wconf 87' lang='lat' dir='ltr'>grum</span> <span class='ocrx_word' id='word_1_54' title='bbox 531 889 816 966; x_wconf 87' lang='lat' dir='ltr'>poffideret</span> <span class='ocrx_word' id='word_1_55' title='bbox 872 888 1190 963; x_wconf 87' lang='lat' dir='ltr'>quingentis</span> <span class='ocrx_word' id='word_1_56' title='bbox 1240 885 1521 960; x_wconf 85' lang='lat' dir='ltr'>iugeribus</span> <span class='ocrx_word' id='word_1_57' title='bbox 1571 903 1689 941; x_wconf 85' lang='lat' dir='ltr'>am·</span> 
     </span>
     <span class='ocr_line' id='line_1_11' title="bbox 317 963 1682 1045; baseline -0.006 -21"><span class='ocrx_word' id='word_1_58' title='bbox 317 971 558 1045; x_wconf 86' lang='lat' dir='ltr'>pliorem</span> <span class='ocrx_word' id='word_1_59' title='bbox 586 1007 601 1034; x_wconf 92' lang='lat'>‚</span> <span class='ocrx_word' id='word_1_60' title='bbox 650 984 804 1021; x_wconf 91' lang='lat' dir='ltr'>anno</span> <span class='ocrx_word' id='word_1_61' title='bbox 857 982 918 1022; x_wconf 85' lang='lat' dir='ltr'>v.</span> <span class='ocrx_word' id='word_1_62' title='bbox 965 981 1022 1021; x_wconf 86' lang='lat' dir='ltr'>C.</span> <span class='ocrx_word' id='word_1_63' title='bbox 1065 980 1288 1021; x_wconf 79' lang='lat' dir='ltr'>Dcxx.</span> <span class='ocrx_word' id='word_1_64' title='bbox 1325 963 1682 1027; x_wconf 88' lang='lat' dir='ltr'>instauravit,</span> 
     </span>
     <span class='ocr_line' id='line_1_12' title="bbox 322 1038 1691 1119; baseline -0.007 -19"><span class='ocrx_word' id='word_1_65' title='bbox 322 1062 497 1119; x_wconf 88' lang='lat' dir='ltr'>atque</span> <span class='ocrx_word' id='word_1_66' title='bbox 577 1040 834 1099; x_wconf 83' lang='lat' dir='ltr'>adversus</span> <span class='ocrx_word' id='word_1_67' title='bbox 910 1041 1331 1116; x_wconf 88' lang='lat' dir='ltr'>opulentiorum</span> <span class='ocrx_word' id='word_1_68' title='bbox 1412 1038 1691 1094; x_wconf 82' lang='lat' dir='ltr'>machinas</span> 
     </span>
     <span class='ocr_line' id='line_1_13' title="bbox 317 1118 1693 1192; baseline -0.007 -15"><span class='ocrx_word' id='word_1_69' title='bbox 317 1120 533 1177; x_wconf 85' lang='lat' dir='ltr'>summa</span> <span class='ocrx_word' id='word_1_70' title='bbox 585 1119 947 1175; x_wconf 88' lang='lat' dir='ltr'>contentione</span> <span class='ocrx_word' id='word_1_71' title='bbox 985 1118 1363 1192; x_wconf 80' lang='lat' dir='ltr'>propugnavit</span> <span class='ocrx_word' id='word_1_72' title='bbox 1390 1157 1403 1171; x_wconf 89' lang='lat'><strong>.</strong></span> <span class='ocrx_word' id='word_1_73' title='bbox 1451 1119 1693 1190; x_wconf 88' lang='lat' dir='ltr'>Reprae-</span> 
     </span>
     <span class='ocr_line' id='line_1_14' title="bbox 318 1191 1693 1267; baseline -0.007 -14"><span class='ocrx_word' id='word_1_74' title='bbox 318 1195 568 1253; x_wconf 82' lang='lat' dir='ltr'>sentatur</span> <span class='ocrx_word' id='word_1_75' title='bbox 620 1196 711 1251; x_wconf 92' lang='lat' dir='ltr'>hic</span> <span class='ocrx_word' id='word_1_76' title='bbox 757 1209 1140 1251; x_wconf 78' lang='lat' dir='ltr'>GRACCHVS</span> <span class='ocrx_word' id='word_1_77' title='bbox 1188 1212 1218 1248; x_wconf 91' lang='lat' dir='ltr'>e</span> <span class='ocrx_word' id='word_1_78' title='bbox 1275 1191 1555 1267; x_wconf 82' lang='lat' dir='ltr'>superiore</span> <span class='ocrx_word' id='word_1_79' title='bbox 1605 1191 1693 1245; x_wconf 82' lang='lat' dir='ltr'>lo-</span> 
     </span>
     <span class='ocr_line' id='line_1_15' title="bbox 315 1264 1690 1348; baseline -0.007 -20"><span class='ocrx_word' id='word_1_80' title='bbox 315 1292 388 1329; x_wconf 91' lang='lat' dir='ltr'>co</span> <span class='ocrx_word' id='word_1_81' title='bbox 456 1290 561 1348; x_wconf 90' lang='lat' dir='ltr'>pro</span> <span class='ocrx_word' id='word_1_82' title='bbox 624 1273 744 1345; x_wconf 86' lang='lat' dir='ltr'>lege</span> <span class='ocrx_word' id='word_1_83' title='bbox 810 1269 1046 1343; x_wconf 85' lang='lat' dir='ltr'>Agraria</span> <span class='ocrx_word' id='word_1_84' title='bbox 1100 1268 1410 1325; x_wconf 88' lang='lat' dir='ltr'>declamans</span> <span class='ocrx_word' id='word_1_85' title='bbox 1453 1307 1471 1335; x_wconf 92' lang='lat'>,</span> <span class='ocrx_word' id='word_1_86' title='bbox 1531 1264 1690 1340; x_wconf 90' lang='lat' dir='ltr'>quod</span> 
     </span>
     <span class='ocr_line' id='line_1_16' title="bbox 317 1342 1699 1423; baseline -0.008 -18"><span class='ocrx_word' id='word_1_87' title='bbox 317 1367 445 1405; x_wconf 88' lang='lat' dir='ltr'>eum</span> <span class='ocrx_word' id='word_1_88' title='bbox 493 1344 750 1423; x_wconf 85' lang='lat' dir='ltr'>persaepe</span> <span class='ocrx_word' id='word_1_89' title='bbox 814 1348 1188 1419; x_wconf 85' lang='lat' dir='ltr'>acerrimeque</span> <span class='ocrx_word' id='word_1_90' title='bbox 1245 1342 1423 1403; x_wconf 85' lang='lat' dir='ltr'>fecisse</span> <span class='ocrx_word' id='word_1_91' title='bbox 1467 1383 1484 1411; x_wconf 80' lang='lat'>,</span> <span class='ocrx_word' id='word_1_92' title='bbox 1527 1357 1699 1415; x_wconf 87' lang='lat' dir='ltr'>atque</span> 
     </span>
     <span class='ocr_line' id='line_1_17' title="bbox 321 1418 1693 1492; baseline -0.007 -12"><span class='ocrx_word' id='word_1_93' title='bbox 321 1424 620 1480; x_wconf 86' lang='lat' dir='ltr'>violentiae</span> <span class='ocrx_word' id='word_1_94' title='bbox 681 1437 831 1478; x_wconf 90' lang='lat' dir='ltr'>metu</span> <span class='ocrx_word' id='word_1_95' title='bbox 893 1421 1157 1477; x_wconf 88' lang='lat' dir='ltr'>baculum</span> <span class='ocrx_word' id='word_1_96' title='bbox 1205 1418 1422 1492; x_wconf 82' lang='lat' dir='ltr'>gestaffe</span> <span class='ocrx_word' id='word_1_97' title='bbox 1462 1458 1477 1484; x_wconf 90' lang='lat'><strong>,</strong></span> <span class='ocrx_word' id='word_1_98' title='bbox 1533 1419 1693 1472; x_wconf 89' lang='lat' dir='ltr'>cuius</span> 
     </span>
     <span class='ocr_line' id='line_1_18' title="bbox 317 1494 1688 1568; baseline -0.007 -11"><span class='ocrx_word' id='word_1_99' title='bbox 317 1520 456 1557; x_wconf 90' lang='lat' dir='ltr'>cavo</span> <span class='ocrx_word' id='word_1_100' title='bbox 486 1542 500 1566; x_wconf 91' lang='lat'>‚</span> <span class='ocrx_word' id='word_1_101' title='bbox 548 1501 718 1555; x_wconf 88' lang='lat' dir='ltr'>veluti</span> <span class='ocrx_word' id='word_1_102' title='bbox 765 1500 1002 1568; x_wconf 87' lang='lat' dir='ltr'>vagina,</span> <span class='ocrx_word' id='word_1_103' title='bbox 1042 1496 1259 1566; x_wconf 85' lang='lat' dir='ltr'>gladius</span> <span class='ocrx_word' id='word_1_104' title='bbox 1320 1494 1638 1548; x_wconf 87' lang='lat' dir='ltr'>occultatur</span> <span class='ocrx_word' id='word_1_105' title='bbox 1672 1532 1688 1559; x_wconf 93' lang='lat'>‚</span> 
     </span>
     <span class='ocr_line' id='line_1_19' title="bbox 317 1567 1701 1644; baseline -0.007 -12"><span class='ocrx_word' id='word_1_106' title='bbox 317 1573 625 1632; x_wconf 76' lang='lat' dir='ltr'>Plutarchus</span> <span class='ocrx_word' id='word_1_107' title='bbox 677 1577 732 1627; x_wconf 81' lang='lat' dir='ltr'>in</span> <span class='ocrx_word' id='word_1_108' title='bbox 771 1570 1013 1627; x_wconf 75' lang='lat' dir='ltr'>Gracchis</span> <span class='ocrx_word' id='word_1_109' title='bbox 1058 1568 1308 1644; x_wconf 87' lang='lat' dir='ltr'>prodidit</span> <span class='ocrx_word' id='word_1_110' title='bbox 1333 1611 1346 1627; x_wconf 91' lang='lat'>.</span> <span class='ocrx_word' id='word_1_111' title='bbox 1383 1571 1557 1624; x_wconf 84' lang='lat' dir='ltr'>Arma</span> <span class='ocrx_word' id='word_1_112' title='bbox 1594 1567 1701 1622; x_wconf 81' lang='lat' dir='ltr'>hu-</span> 
     </span>
     <span class='ocr_line' id='line_1_20' title="bbox 317 1644 1694 1724; baseline -0.004 -17"><span class='ocrx_word' id='word_1_113' title='bbox 317 1651 398 1708; x_wconf 87' lang='lat' dir='ltr'>mi</span> <span class='ocrx_word' id='word_1_114' title='bbox 442 1647 614 1724; x_wconf 87' lang='lat' dir='ltr'>posita</span> <span class='ocrx_word' id='word_1_115' title='bbox 661 1645 956 1705; x_wconf 83' lang='lat' dir='ltr'>seditiones</span> <span class='ocrx_word' id='word_1_116' title='bbox 994 1647 1123 1702; x_wconf 89' lang='lat' dir='ltr'>inde</span> <span class='ocrx_word' id='word_1_117' title='bbox 1158 1661 1344 1701; x_wconf 87' lang='lat' dir='ltr'>enatas</span> <span class='ocrx_word' id='word_1_118' title='bbox 1382 1644 1694 1718; x_wconf 78' lang='lat' dir='ltr'>designant.</span> 
     </span>
     <span class='ocr_line' id='line_1_21' title="bbox 314 1721 1692 1798; baseline -0.007 -15"><span class='ocrx_word' id='word_1_119' title='bbox 314 1727 454 1785; x_wconf 86' lang='lat' dir='ltr'>Solis</span> <span class='ocrx_word' id='word_1_120' title='bbox 495 1727 714 1798; x_wconf 84' lang='lat' dir='ltr'>imag0‚</span> <span class='ocrx_word' id='word_1_121' title='bbox 759 1723 1029 1798; x_wconf 89' lang='lat' dir='ltr'>quoniam</span> <span class='ocrx_word' id='word_1_122' title='bbox 1068 1721 1282 1778; x_wconf 87' lang='lat' dir='ltr'>diverfis</span> <span class='ocrx_word' id='word_1_123' title='bbox 1333 1721 1692 1794; x_wconf 68' lang='lat' dir='ltr'>significatio-</span> 
     </span>
     <span class='ocr_line' id='line_1_22' title="bbox 318 1796 1697 1871; baseline -0.007 -13"><span class='ocrx_word' id='word_1_124' title='bbox 318 1801 483 1859; x_wconf 90' lang='lat' dir='ltr'>nibus</span> <span class='ocrx_word' id='word_1_125' title='bbox 528 1801 776 1857; x_wconf 82' lang='lat' dir='ltr'>obnoxia</span> <span class='ocrx_word' id='word_1_126' title='bbox 825 1801 927 1865; x_wconf 88' lang='lat' dir='ltr'>est,</span> <span class='ocrx_word' id='word_1_127' title='bbox 973 1796 1212 1855; x_wconf 83' lang='lat' dir='ltr'>cuiusvis</span> <span class='ocrx_word' id='word_1_128' title='bbox 1257 1799 1485 1871; x_wconf 87' lang='lat' dir='ltr'>ingenio</span> <span class='ocrx_word' id='word_1_129' title='bbox 1528 1797 1697 1852; x_wconf 86' lang='lat' dir='ltr'>relin-</span> 
     </span>
     <span class='ocr_line' id='line_1_23' title="bbox 324 1872 1702 1954; baseline -0.007 -18"><span class='ocrx_word' id='word_1_130' title='bbox 324 1880 561 1954; x_wconf 84' lang='lat' dir='ltr'>quitur.</span> <span class='ocrx_word' id='word_1_131' title='bbox 617 1876 671 1933; x_wconf 93' lang='lat' dir='ltr'>Si</span> <span class='ocrx_word' id='word_1_132' title='bbox 715 1894 781 1930; x_wconf 78' lang='lat' dir='ltr'>ex</span> <span class='ocrx_word' id='word_1_133' title='bbox 822 1874 1062 1930; x_wconf 85' lang='lat' dir='ltr'>Historia</span> <span class='ocrx_word' id='word_1_134' title='bbox 1113 1872 1226 1950; x_wconf 84' lang='lat' dir='ltr'>ipsa</span> <span class='ocrx_word' id='word_1_135' title='bbox 1276 1876 1702 1930; x_wconf 59' lang='lat' dir='ltr'>conieciuranm</span> 
     </span>
     <span class='ocr_line' id='line_1_24' title="bbox 320 1949 1704 2030; baseline -0.007 -17"><span class='ocrx_word' id='word_1_136' title='bbox 320 1973 514 2030; x_wconf 77' lang='lat' dir='ltr'>capere</span> <span class='ocrx_word' id='word_1_137' title='bbox 577 1953 707 2008; x_wconf 88' lang='lat' dir='ltr'>licet</span> <span class='ocrx_word' id='word_1_138' title='bbox 736 1992 753 2018; x_wconf 89' lang='lat'>,</span> <span class='ocrx_word' id='word_1_139' title='bbox 810 1949 1000 2007; x_wconf 89' lang='lat' dir='ltr'>adludi</span> <span class='ocrx_word' id='word_1_140' title='bbox 1050 1965 1268 2025; x_wconf 88' lang='lat' dir='ltr'>poterat</span> <span class='ocrx_word' id='word_1_141' title='bbox 1331 1949 1402 2005; x_wconf 89' lang='lat' dir='ltr'>ad</span> <span class='ocrx_word' id='word_1_142' title='bbox 1464 1965 1704 2004; x_wconf 87' lang='lat' dir='ltr'>mortem</span> 
     </span>
     <span class='ocr_line' id='line_1_25' title="bbox 324 2023 1700 2101; baseline -0.007 -13"><span class='ocrx_word' id='word_1_143' title='bbox 324 2030 506 2088; x_wconf 84' lang='lat' dir='ltr'>Attali</span> <span class='ocrx_word' id='word_1_144' title='bbox 560 2028 682 2085; x_wconf 85' lang='lat'>111.</span> <span class='ocrx_word' id='word_1_145' title='bbox 736 2039 791 2082; x_wconf 88' lang='lat' dir='ltr'>et</span> <span class='ocrx_word' id='word_1_146' title='bbox 846 2028 1103 2101; x_wconf 85' lang='lat' dir='ltr'>postremi</span> <span class='ocrx_word' id='word_1_147' title='bbox 1171 2029 1419 2099; x_wconf 87' lang='lat' dir='ltr'>Pergami</span> <span class='ocrx_word' id='word_1_148' title='bbox 1481 2023 1649 2096; x_wconf 84' lang='lat' dir='ltr'>Regis</span> <span class='ocrx_word' id='word_1_149' title='bbox 1682 2064 1700 2094; x_wconf 91' lang='lat'>,</span> 
     </span>
     <span class='ocr_line' id='line_1_26' title="bbox 324 2101 1696 2181; baseline -0.005 -19"><span class='ocrx_word' id='word_1_150' title='bbox 324 2108 425 2181; x_wconf 92' lang='lat' dir='ltr'>qui</span> <span class='ocrx_word' id='word_1_151' title='bbox 470 2107 706 2163; x_wconf 84' lang='lat' dir='ltr'>moriens</span> <span class='ocrx_word' id='word_1_152' title='bbox 750 2104 1025 2178; x_wconf 88' lang='lat' dir='ltr'>Populum</span> <span class='ocrx_word' id='word_1_153' title='bbox 1072 2107 1391 2159; x_wconf 86' lang='lat' dir='ltr'>Romanum</span> <span class='ocrx_word' id='word_1_154' title='bbox 1436 2101 1696 2159; x_wconf 84' lang='lat' dir='ltr'>heredem</span> 
     </span>
     <span class='ocr_line' id='line_1_27' title="bbox 326 2176 1710 2257; baseline -0.007 -15"><span class='ocrx_word' id='word_1_155' title='bbox 326 2181 533 2257; x_wconf 75' lang='lat' dir='ltr'>scripsit</span> <span class='ocrx_word' id='word_1_156' title='bbox 566 2226 578 2241; x_wconf 88' lang='lat'><strong>.</strong></span> <span class='ocrx_word' id='word_1_157' title='bbox 613 2196 993 2237; x_wconf 79' lang='lat' dir='ltr'>GRACCHVS</span> <span class='ocrx_word' id='word_1_158' title='bbox 1046 2180 1225 2235; x_wconf 89' lang='lat' dir='ltr'>Attali</span> <span class='ocrx_word' id='word_1_159' title='bbox 1276 2198 1405 2253; x_wconf 86' lang='lat' dir='ltr'>opes</span> <span class='ocrx_word' id='word_1_160' title='bbox 1452 2177 1522 2234; x_wconf 91' lang='lat' dir='ltr'>ad</span> <span class='ocrx_word' id='word_1_161' title='bbox 1565 2176 1710 2233; x_wconf 82' lang='lat' dir='ltr'>redi·</span> 
     </span>
     <span class='ocr_line' id='line_1_28' title="bbox 325 2252 1697 2332; baseline -0.006 -17"><span class='ocrx_word' id='word_1_162' title='bbox 325 2257 558 2316; x_wconf 87' lang='lat' dir='ltr'>mendos</span> <span class='ocrx_word' id='word_1_163' title='bbox 609 2256 681 2313; x_wconf 90' lang='lat' dir='ltr'>ab</span> <span class='ocrx_word' id='word_1_164' title='bbox 722 2258 1001 2332; x_wconf 89' lang='lat' dir='ltr'>opulentis</span> <span class='ocrx_word' id='word_1_165' title='bbox 1053 2275 1218 2329; x_wconf 83' lang='lat' dir='ltr'>agros</span> <span class='ocrx_word' id='word_1_166' title='bbox 1254 2297 1268 2323; x_wconf 84' lang='lat'>,</span> <span class='ocrx_word' id='word_1_167' title='bbox 1315 2252 1697 2330; x_wconf 81' lang='lat' dir='ltr'>pauperesque</span> 
     </span>
     <span class='ocr_line' id='line_1_29' title="bbox 328 2329 1707 2408; baseline -0.007 -14"><span class='ocrx_word' id='word_1_168' title='bbox 328 2335 602 2393; x_wconf 88' lang='lat' dir='ltr'>iuvandos</span> <span class='ocrx_word' id='word_1_169' title='bbox 644 2333 1035 2408; x_wconf 81' lang='lat' dir='ltr'>impendendas</span> <span class='ocrx_word' id='word_1_170' title='bbox 1080 2331 1209 2399; x_wconf 80' lang='lat' dir='ltr'>effe,</span> <span class='ocrx_word' id='word_1_171' title='bbox 1240 2350 1384 2389; x_wconf 89' lang='lat' dir='ltr'>nova</span> <span class='ocrx_word' id='word_1_172' title='bbox 1428 2335 1548 2405; x_wconf 89' lang='lat' dir='ltr'>lege</span> <span class='ocrx_word' id='word_1_173' title='bbox 1585 2329 1707 2386; x_wconf 83' lang='lat' dir='ltr'>san-</span> 
     </span>
     <span class='ocr_line' id='line_1_30' title="bbox 331 2410 1707 2486; baseline -0.007 -17"><span class='ocrx_word' id='word_1_174' title='bbox 331 2415 415 2470; x_wconf 76' lang='lat' dir='ltr'>xit</span> <span class='ocrx_word' id='word_1_175' title='bbox 449 2451 465 2479; x_wconf 86' lang='lat'>,</span> <span class='ocrx_word' id='word_1_176' title='bbox 497 2430 672 2486; x_wconf 88' lang='lat' dir='ltr'>eaque</span> <span class='ocrx_word' id='word_1_177' title='bbox 714 2430 770 2466; x_wconf 87' lang='lat' dir='ltr'>re</span> <span class='ocrx_word' id='word_1_178' title='bbox 818 2412 1091 2467; x_wconf 87' lang='lat' dir='ltr'>tumultus</span> <span class='ocrx_word' id='word_1_179' title='bbox 1137 2410 1294 2465; x_wconf 78' lang='lat' dir='ltr'>auxit</span> <span class='ocrx_word' id='word_1_180' title='bbox 1325 2452 1339 2467; x_wconf 88' lang='lat'><strong>.</strong></span> <span class='ocrx_word' id='word_1_181' title='bbox 1374 2414 1549 2466; x_wconf 88' lang='lat' dir='ltr'>Porro</span> <span class='ocrx_word' id='word_1_182' title='bbox 1599 2411 1707 2461; x_wconf 77' lang='lat' dir='ltr'>At-</span> 
     </span>
    </p>
   </div>
   <div class='ocr_carea' id='block_1_3' title="bbox 334 2483 1707 2619">
    <p class='ocr_par' dir='ltr' id='par_1_4' title="bbox 334 2483 1707 2619">
     <span class='ocr_line' id='line_1_31' title="bbox 334 2483 1707 2617; baseline -0.009 -68"><span class='ocrx_word' id='word_1_183' title='bbox 334 2491 513 2551; x_wconf 88' lang='lat' dir='ltr'>talum</span> <span class='ocrx_word' id='word_1_184' title='bbox 555 2492 811 2569; x_wconf 73' lang='lat' dir='ltr'>Regem,</span> <span class='ocrx_word' id='word_1_185' title='bbox 854 2489 989 2550; x_wconf 76' lang='lat' dir='ltr'>dum</span> <span class='ocrx_word' id='word_1_186' title='bbox 1051 2504 1247 2567; x_wconf 81' lang='lat' dir='ltr'>operas</span> <span class='ocrx_word' id='word_1_187' title='bbox 1301 2486 1372 2546; x_wconf 85' lang='lat' dir='ltr'>ad</span> <span class='ocrx_word' id='word_1_188' title='bbox 1420 2483 1707 2617; x_wconf 49' lang='lat' dir='ltr'>perdficieng</span> 
     </span>
     <span class='ocr_line' id='line_1_32' title="bbox 1538 2575 1636 2619; baseline -0.031 -4"><span class='ocrx_word' id='word_1_189' title='bbox 1538 2575 1636 2619; x_wconf 71' lang='lat' dir='ltr'>um</span> 
     </span>
    </p>
   </div>
  </div>
 </body>
</html>
