1856 2901
361 147 433 208 ’τί
623 148 1319 208 DEDICATIO

288 255 422 325 lesu
461 312 478 340 ‚
515 261 662 327 mihi
725 259 1111 327 amieiffimus
1136 306 1149 325 ι.
1188 265 1415 348 Quum
1455 263 1643 358 igitur

286 348 408 439 ipse
456 356 780 441 complura
816 353 1214 419 Numismata
1263 380 1334 419 ex
1381 358 1499 425 tuis
1538 360 1646 424 Ci-

286 444 479 510 meliis
517 446 815 532 praeclara
850 465 908 511 et
939 445 1183 537 insignia
1208 498 1226 527 ,
1259 446 1644 516 humanitate

288 555 398 601 tua
461 536 744 628 largiente
818 563 887 603 ac
951 536 1191 604 favente
1225 589 1241 618 ‚
1286 540 1579 628 acceperit
1627 589 1645 621 ,

288 629 382 694 vel
443 631 658 696 tacitus
695 682 711 708 ‚
777 629 870 695 Te
933 631 1275 694 Patronum
1335 656 1406 697 ac
1472 633 1648 695 Mae-

287 738 566 786 cenarem
605 721 750 786 mihi
785 719 1440 807 aliquandofuturum
1476 747 1646 811 prae-

289 810 606 877 nunciavit
644 865 662 894 ‚
712 816 953 878 laudata
1011 837 1131 877 non
1197 813 1374 879 semel
1441 814 1644 880 erudi-

286 903 454 968 tione
502 925 648 983 tua,
689 926 919 989 tuoque
973 903 1033 968 in
1096 904 1383 995 ingenuas
1437 927 1586 972 artes
1630 956 1649 986 ‚

284 1018 341 1058 et
408 993 600 1059 studia
657 1017 909 1075 amore,
957 1020 1026 1062 ac
1079 996 1318 1071 fav01-e3
1356 1002 1649 1083 'viamque

285 1085 764 1169 quodammodo
810 1088 963 1153 mihi
1028 1112 1318 1177 aperuit,
1390 1113 1460 1156 ut
1529 1089 1648 1153 hu-

286 1175 553 1244 iusmodi
626 1178 809 1268 Opus
870 1180 1116 1246 virtutis
1192 1203 1253 1250 et
1318 1180 1646 1248 nobilitatis

292 1286 436 1336 tuae
495 1269 847 1356 splendore,
880 1291 1062 1360 atque
1113 1274 1484 1342 ornamentis
1539 1296 1649 1337 cu-

288 1361 633 1426 mularem.
678 1364 940 1430 Vtinam
986 1418 1004 1447 ‚
1050 1364 1146 1433 Te
1194 1367 1433 1457 auspice
1474 1417 1491 1440 ,
1552 1382 1648 1430 at-

284 1476 406 1536 que
449 1453 790 1543 opitulante
829 1508 847 1535 ‚
894 1457 1012 1523 alia
1051 1510 1068 1536 ,
1120 1482 1275 1541 quae
1339 1458 1557 1538 habet,
1585 1474 1648 1521 et

286 1541 329 1608 fi
381 1547 581 1611 otium
639 1544 971 1630 aliquando
995 1545 1115 1624 est,
1145 1544 1500 1619 elucubrare
1543 1572 1650 1635 po-

286 1632 400 1698 test
447 1635 615 1700 idem
664 1657 728 1699 v.
780 1659 845 1697 c,
897 1659 1270 1701 molimen
1305 1687 1323 1716 ,
1370 1639 1448 1711 ad
1508 1662 1649 1726 opes

285 1724 580 1792 Thesauri
636 1723 1081 1791 Numismatici
1143 1729 1449 1818 augendas
1486 1781 1505 1810 ,
1567 1731 1643 1794 cle

286 1816 510 1903 quibus
541 1815 972 1882 humanissime
996 1840 1096 1884 me
1128 1818 1404 1900 monuit,
1438 1822 1514 1886 ad
1549 1844 1653 1885 me

287 1914 548 1974 mittat!
601 1911 779 1973 Dum
827 1913 994 1974 enim
1033 1910 1178 1977 vires
1231 1935 1525 2000 comparo
1572 1914 1652 1979 ad

287 2003 402 2069 alia
438 2001 745 2087 quaedam
790 2002 999 2069 sumtu
1031 2004 1312 2069 maximo
1359 2004 1420 2069 in
1449 2005 1651 2070 lucem

294 2093 529 2160 edenda
568 2149 586 2177 ‚
640 2094 940 2161 nimirum
1001 2095 1416 2162 Vasculariam
1464 2098 1651 2161 Etru-

291 2186 454 2250 scam
503 2189 581 2253 ad
639 2187 1162 2256 continuationem
1216 2189 1336 2270 mei
1395 2189 1649 2271 Musei,

294 2279 373 2342 ad
412 2277 808 2345 Thesaurum
851 2281 1252 2367 antiquorum
1297 2280 1653 2369 Diptyoh07

290 2393 433 2460 xum
447 2425 466 2461 ,
484 2392 546 2440 et
570 2372 986 2469 Gemmarum
1006 2427 1024 2465 ,
1049 2374 1394 2467 praesertim
1416 2373 1651 2473 Hs‘me:

1434 2480 1576 2535 nea:
