1856 2901
420 186 487 237 ¹4
641 181 1137 223 ANIMADVERS.
1177 181 1244 220 IN
1285 181 1431 221 νεῖ.

326 282 520 338 Aulon
552 301 681 338 vero
727 280 866 334 di&a
911 280 982 333 est
1026 280 1157 334 haec
1199 276 1325 332 urbs
1369 276 1437 332 ab
1473 281 1679 334 Horati}

327 357 437 413 Lib.
472 363 550 414 1I.
590 363 757 414 Carm.
802 356 910 409 Ode
952 363 1006 411 6.

1009 470 1192 525 amicas
1242 467 1410 520 Aulon

471 546 665 602 Fer-tili
702 543 891 600 Baccho
927 549 1135 598 nimiam
1164 545 1402 599 Falernis

773 620 991 676 Invidet
1038 622 1162 675 uvis
1189 662 1202 676 .

434 734 689 790 Martiali
734 752 962 806 quoque
1003 732 1114 788 Lib.
1159 734 1315 788 XIII.
1347 733 1525 805 Epigr.
1569 749 1693 799 125.

325 811 669 885 appellatur:
713 811 871 864 Felix
907 809 1108 866 «vitibus
1149 810 1318 862 Aulon
1345 849 1359 863 .
1414 809 1693 862 Auloniae

321 905 433 939 una
468 900 521 938 et
551 884 855 938 Cauloniae
886 901 1088 938 nomen
1117 901 1513 938 commemorat
1538 888 1696 940 Stra-

323 962 377 1013 bo
413 961 522 1015 Lib.
568 982 655 1015 νι.
695 975 749 1014 et
796 960 1069 1032 originem
1112 960 1350 1032 adtingit
1384 977 1398 1011 :
1453 963 1596 1013 Μετιὶ
1633 960 1698 1010 δέ

313 1040 393 1099 τήν
433 1037 622 1104 Σάγραν
653 1075 669 1100 ,
705 1042 899 1106 Αχοιιῶν
936 1039 1109 1104 allana
1146 1037 1387 1091 Καυλωνία
1417 1073 1434 1100 ,
1487 1037 1693 1103 πρότερον
1753 1058 1760 1063 ·

311 1112 376 1164 δέ
404 1114 617 1165 Αυλωνίοι
658 1114 884 1180 λεγομένη
921 1113 1007 1165 δῖοι
1039 1115 1114 1167 τόν
1153 1114 1446 1180 προκείμενον
1474 1113 1689 1176 αὐλῶνα,

308 1189 400 1242 ε”ο-Ὶι
417 1187 479 1240 δέ
498 1187 648 1255 ἕρημος
667 1225 680 1240 .
709 1191 821 1259 Post
835 1191 1057 1260 Sagram
1087 1191 1153 1259 cst
1171 1193 1213 1242 C
1215 1188 1303 1243 aul
1307 1191 1422 1243 onia
1434 1228 1448 1254 ,
1467 1188 1690 1242 Achaeo-

314 1284 427 1318 rum
479 1263 678 1319 colonia
709 1304 723 1329 ,
766 1281 920 1319 antea
967 1265 1194 1320 Aulonia
1239 1264 1371 1318 dina
1415 1303 1429 1329 ‚
1477 1279 1688 1338 propter

309 1340 526 1412 aass'tam
565 1340 766 1394 vallem
793 1344 816 1407 (
841 1342 1020 1393 οὶυλῶνα
1048 1344 1071 1407 )
1111 1361 1240 1394 nnnc
1282 1337 1515 1411 deserta.

423 1413 727 1487 Vtriusque
767 1415 931 1470 huius
978 1417 1218 1470 nominis
1254 1415 1503 1469 meminit
1539 1432 1684 1486 quo-

303 1509 416 1564 que
448 1491 739 1565 Stephanus
763 1533 776 1558 ‚
819 1508 871 1545 et
907 1511 1010 1564 pro
1042 1492 1286 1546 Aulonia
1314 1528 1328 1556 ,
1370 1487 1564 1544 vitiose
1600 1488 1683 1541 di-

302 1570 451 1620 &um
506 1580 667 1640 putat
701 1567 974 1619 Caulonia
1005 1606 1020 1632 ‚
1063 1581 1126 1619 ut
1166 1566 1463 1638 Epitaurus
1507 1606 1521 1632 ‚
1576 1583 1680 1638 pro

304 1641 617 1714 Epidaurus
657 1656 669 1691 ε
726 1640 880 1694 addit
915 1641 1121 1712 gentile
1160 1659 1363 1695 nomen
1405 1681 1419 1706 ,
1474 1642 1678 1713 quale.-

300 1718 459 1771 numi
506 1714 873 1787 comprobant
903 1756 917 1782 ,
958 1718 1272 1777 Καυλωνιάτῃ
1307 1751 1321 1768 .
1375 1717 1680 1770 Cauloniae

300 1809 505 1845 nomen
568 1811 598 1845 a
647 1789 920 1863 plerisque
966 1790 1336 1863 Scriptoribus
1403 1790 1679 1845 veteribus

301 1866 600 1940 usurpatur
632 1907 645 1933 ‚
702 1886 732 1920 a
780 1865 1038 1921 Diodoro
1082 1867 1306 1934 Sicu10‚
1361 1867 1674 1940 Pomponio

297 1945 483 2009 Mela,
525 1942 786 1998 Pausania
824 1959 925 1998 etc,

353 2053 356 2055 -
415 2020 675 2074 Nominis
707 2020 1010 2091 originem,
1040 2034 1093 2073 et
1121 2017 1268 2073 urbis
1298 2017 1488 2093 ipsim,
1513 2018 1674 2074 aliam

299 2115 471 2168 quam
504 2094 699 2150 Strabo
737 2097 1055 2169 prodiderat
1084 2135 1097 2161 ,
1140 2094 1316 2150 adfert
1355 2099 1580 2151 Servius
1616 2098 1672 2148 in

298 2174 514 2245 Virgilii
556 2174 717 2225 locam
747 2172 904 2246 fitpra
958 2174 1224 2228 laudatam·
1258 2195 1274 2225 .·
1330 2171 1484 2225 cuius
1539 2170 1672 2224 haec

296 2246 423 2302 sunt
460 2246 621 2303 verba
656 2270 667 2306 ;
725 2250 920 2304 Caulon
956 2269 1094 2301 mons
1135 2251 1201 2320 est
1243 2246 1509 2303 Calabriae
1538 2270 1554 2300 .·
1586 2251 1667 2300 in..

296 2345 389 2397 qao
423 2326 649 2401 oppidum
665 2326 809 2398 fait,
839 2347 870 2380 a
903 2328 1077 2379 Locris
1101 2325 1352 2379 conditam
1371 2365 1383 2378 .
1411 2362 1519 2375 --
1552 2323 1669 2375 Alii

295 2420 328 2455 a
361 2404 516 2470 Caulo
542 2441 558 2471 ,
590 2401 763 2457 Clitae
786 2404 1058 2458 Amazonis
1074 2403 1198 2475 filio
1224 2441 1239 2469 ,
1271 2401 1525 2530 condith
1553 2414 1668 2469 tras

1471 2488 1563 2531 unt
1576 2513 1592 2532 Q
