1856 2901
395 127 461 190 58
658 122 1143 174 ANIMADVERS.
1182 135 1255 173 IN
1296 134 1444 174 VET.

319 231 571 295 videtur,
610 230 713 286 fine
774 235 1007 287 maxima
1050 231 1462 304 perturbatione
1489 270 1503 296 ,
1550 228 1664 284 fieri

317 305 600 382 potuiffe)
652 306 740 361 sed
787 328 878 380 per
921 307 1153 379 graduS,
1190 322 1285 359 aut
1331 307 1398 361 ad
1440 307 1669 377 singulas

317 385 503 437 uncias
545 425 557 449 ,
598 398 691 437 aut
743 384 809 436 ad
862 383 995 437 duas
1041 398 1218 446 certe,
1270 378 1367 438 sub
1422 382 1674 445 initium,

317 475 370 513 et
416 458 623 512 finem:
663 457 730 512 ad
779 476 883 513 tres
932 475 1239 531 quatuorve
1279 457 1438 524 aliaS,
1481 456 1676 510 faustam

323 535 478 589 fuisse
509 577 522 590 .
620 534 761 588 Illud
823 553 951 589 vero
1004 553 1165 588 nemo
1218 533 1336 587 heic
1369 573 1382 596 ,
1431 547 1491 587 ut
1552 534 1675 606 opi-

317 629 421 665 nor
456 650 471 671 ,
508 631 549 669 *a
606 629 686 663 me
752 612 977 682 exiget,
1040 625 1100 663 ut
1159 608 1402 681 pondera
1468 627 1672 662 numo-

319 705 442 742 rum
490 688 710 739 istorum
768 684 835 740 ab
887 687 949 738 iis
984 726 997 742 ,
1044 705 1177 755 quas
1231 682 1385 754 {ignis
1441 682 1548 738 suis
1594 685 1678 738 in-

318 763 553 825 dicant,
602 761 768 815 librae
812 759 1055 835 partibus
1097 761 1530 817 nulli5,0mni110
1578 761 1679 812 mi-

323 840 496 891 nutiis
529 836 788 893 ‚aberrent
820 874 831 889 .
874 841 1016 890 Nam
1074 842 1388 890 vetustatem
1442 836 1681 908 aliquid,

318 930 373 966 et
420 930 633 984 tempus
690 911 825 965 edax
870 911 1204 978 immutasse,
1260 929 1436 983 neque
1479 915 1681 966 Roma-

321 1008 424 1043 nos
470 990 523 1040 in
577 988 739 1040 aereis
772 986 915 1042 hisce
942 990 1173 1042 monetis
1216 1005 1281 1039 eo
1321 988 1502 1059 rigore
1520 1007 1680 1059 ‚quo

320 1067 378 1119 in
429 1065 696 1135 argenteis
731 1104 744 1128 ,
787 1066 1073 1136 aureiique
1110 1062 1298 1118 flandls
1350 1062 1638 1136 proctssiffe
1666 1105 1680 1131 ‚

325 1141 451 1196 satis
510 1156 718 1192 certum
771 1141 840 1193 est
875 1183 888 1197 .
937 1145 1122 1210 Qare
1174 1141 1247 1193 ita
1293 1139 1425 1193 mihi
1492 1159 1682 1213 proce-

325 1216 567 1270 dendum
615 1215 780 1281 duxi,
809 1231 883 1268 ut?
915 1218 1172 1288 proximo
1217 1217 1501 1269 unciarum
1543 1234 1683 1289 pon·

325 1293 440 1346 deri
484 1310 712 1346 numum
762 1289 1114 1346 adscriberent
1149 1331 1163 1356 ,
1206 1306 1375 1364 atque
1422 1307 1483 1345 ut
1537 1290 1683 1346 defe-

327 1371 443 1422 ftus
473 1409 487 1432 ‚
532 1385 628 1422 aut
675 1366 916 1422 exceffus
961 1367 1247 1423 dimidiam
1302 1368 1517 1422 unciam
1567 1386 1683 1422 non

327 1461 693 1517 exaequaret.

439 1519 616 1573 Assem
662 1520 797 1574 bene
841 1538 1105 1590 magnum
1151 1535 1435 1586 tenemus,
1479 1538 1544 1574 ex
1589 1539 1684 1574 cu-

324 1597 410 1649 ius
463 1614 569 1649 una
617 1611 767 1669 parte
826 1597 940 1650 lani
990 1593 1247 1651 bifrontis
1300 1597 1526 1667 imagO,
1559 1615 1684 1651 cum

326 1671 495 1726 solito
536 1671 687 1743 figno
734 1671 911 1725 Affis:
959 1690 1024 1724 ex
1072 1673 1236 1726 altera
1293 1673 1550 1726 Mercurii
1598 1691 1686 1726 ca-

326 1764 432 1822 put
465 1788 496 1812 ‚.
523 1763 574 1800 et
616 1748 791 1801 culter
833 1749 1120 1804 incurvus,
1162 1746 1443 1820 Adpendit
1482 1747 1570 1801 hic
1608 1751 1685 1802 As

325 1841 531 1876 novem
571 1823 747 1877 unciis
778 1824 966 1895 paullo
994 1824 1259 1897 amplius:
1292 1841 1465 1896 quum
1502 1839 1685 1877 tamen

328 1897 606 1952 foramine
662 1897 938 1971 pertusu8‚
969 1914 1021 1952 et
1055 1897 1267 1954 arrosus
1305 1898 1684 1965 vetustatem,

328 1977 529 2028 merito
577 1992 742 2028 unam
802 1976 1014 2029 circiter
1059 1976 1273 2030 unciam
1319 2016 1331 2041 ,
1380 1993 1489 2029 una
1557 1994 1685 2030 curn

326 2049 534 2105 excessu
578 2051 676 2104 illo
720 2049 877 2124 supra
927 2068 1157 2117 novem,
1184 2052 1361 2105 eidem
1402 2048 1681 2106 attribuo:

320 2143 490 2198 atque
539 2127 676 2180 adeo
710 2131 785 2180 As
837 2143 954 2181 tum
995 2127 1177 2183 decem
1224 2129 1507 2182 unciarum
1545 2143 1683 2185 erat.

323 2203 670 2276 Comprobat
714 2203 766 2255 id
813 2204 995 2267 semis,
1033 2206 1127 2275 qui
1169 2223 1272 2258 una
1304 2207 1358 2257 in
1401 2203 1539 2259 facie
1574 2208 1688 2258 Na·-

320 2280 431 2334 vim
464 2320 476 2343 ‚
529 2280 583 2332 in
649 2280 811 2334 altera
867 2283 1237 2355 Caputlovis
1283 2279 1447 2335 refert
1488 2323 1502 2348 ,
1533 2296 1585 2335 et
1619 2281 1685 2334 li-

320 2371 495 2411 teram
541 2373 596 2411 S.
625 2360 671 2411 Is
716 2375 913 2411 numus
956 2359 1186 2411 omnino
1238 2358 1484 2428 integer,
1518 2357 1683 2431 quin·

325 2452 435 2503 que
488 2431 755 2488 duntaxat
817 2434 1002 2490 uncias
1052 2437 1478 2509 ,quamproxime
1528 2450 1685 2486 exae-

323 2523 500 2583 quat.
1336 2545 1338 2547 -
1441 2511 1613 2580 Dein-q
