1856 2901
395 153 466 207 88
619 162 1118 208 ANIMADVERS.
1158 164 1230 205 IN
1268 165 1413 207 νετ.

469 339 1097 395 AMISENORVM
1168 336 1520 394 NVMVS.
1577 326 1580 328 V

728 504 1133 546 TABVLA
1260 504 1326 545 V.

468 649 737 697 ΑΜΙΣΟΥ.
786 645 975 707 Αμιτὲ.
1021 642 1208 712 Amzfi.
1263 639 1503 694 Vi&oria
1560 658 1683 711 gra·

320 716 508 781 diem,
553 717 743 772 dextra
789 717 1055 791 palmam.
1106 719 1186 770 Ex
1238 729 1474 789 utraque
1527 730 1679 789 parte

322 810 744 863 monogramma
778 831 793 859 ‚
852 791 1008 865 quod
1052 791 1177 847 vide
1226 789 1369 847 Tab.
1409 796 1473 849 V.
1519 810 1656 845 num

328 879 581 923 xxxin
1675 882 1687 928 g

474 945 661 1017 Caput
723 941 982 998 Medusae
1019 984 1035 1011 ‚
1105 942 1394 1019 squamato
1481 957 1686 996 ornatu

319 1019 590 1074 ciniium:
649 1017 867 1073 videtur
912 1019 1126 1076 scutum
1171 1019 1401 1077 Palladis
1441 1017 1641 1073 referre
1671 1059 1685 1073 .

323 1098 544 1150 Aeneus
575 1136 588 1163 ,
636 1095 787 1169 parvi
839 1096 1079 1154 moduli.
1566 1123 1569 1125 ·

473 1171 655 1226 Huius
701 1173 855 1234 numi
906 1187 1069 1246 typus
1115 1173 1184 1228 est
1229 1172 1337 1229 iam
1383 1192 1413 1227 a
1462 1170 1689 1227 Goltzio

323 1246 688 1321 propofitus3
745 1245 835 1302 sed
889 1266 1366 1322 monogrammata
1412 1248 1534 1303 heic
1584 1247 1689 1300 alia

323 1323 452 1380 sunt
482 1363 495 1390 ‚
540 1341 708 1397 quam
755 1324 813 1379 in
856 1325 1168 1380 Goltzianis
1219 1327 1398 1382 numis
1428 1366 1442 1380 .
1481 1326 1691 1379 Mono-

323 1417 568 1473 gramma
605 1400 838 1454 alterum
883 1401 1065 1456 literas
1097 1417 1161 1457 A.
1203 1421 1275 1462 M.
1313 1419 1372 1459 E.
1412 1418 1476 1457 T.
1517 1399 1693 1453 mani-

326 1477 464 1532 festo
528 1475 910 1548 compleffitur
945 1515 959 1540 ,
1014 1477 1171 1549 quod
1223 1480 1350 1550 lego
1411 1480 1641 1541 Αμισνμῶν
1678 1513 1695 1540 ,

327 1554 598 1613 Μιλητίων.
632 1549 761 1606 grec.
800 1549 1178 1623 Amafinorum‚
1218 1569 1274 1606 et
1323 1553 1634 1626 Milefiorum
1680 1590 1697 1618 ,

322 1648 456 1686 anno
495 1651 511 1681 :
569 1625 824 1681 Alterum
879 1626 1049 1682 literis
1093 1639 1157 1683 Σ.
1191 1643 1244 1682 et
1300 1639 1374 1684 0.
1432 1628 1639 1682 constat
1679 1666 1696 1693 ‚

323 1723 464 1778 quas
507 1699 613 1757 esse
657 1701 961 1758 numericas
1001 1718 1158 1758 notas
1207 1702 1401 1759 censeo
1436 1724 1453 1769 ς
1523 1718 1695 1775 atque

325 1779 467 1835 adeo
515 1776 757 1832 indicare
823 1796 1029 1835 annum
1077 1801 1199 1850 270.
1251 1779 1519 1835 Lectionis
1585 1779 1698 1851 pri-

324 1873 483 1912 mum
535 1853 808 1910 reddenda
857 1857 1002 1911 ratio
1042 1897 1057 1924 ‚
1094 1855 1292 1911 deinde
1334 1854 1604 1930 epochae.

485 1934 700 1988 Numos
741 1931 1014 1988 reffiiffime
1053 1952 1081 1987 e
1120 1934 1299 1987 numis
1341 1932 1701 2006 exponimus,

328 2014 395 2067 In
459 2008 688 2063 laudato
744 2007 953 2084 saepius
995 2014 1084 2079 λζ.
1133 2010 1189 2066 Ρ.
1245 2008 1507 2065 Harduini
1559 2002 1704 2061 libro

331 2086 630 2144 Maximini
677 2086 946 2143 numisma
999 2105 1027 2140 e
1078 2088 1317 2142 Cimelio
1370 2083 1549 2156 Regio
1607 2080 1705 2136 ad-

325 2162 511 2218 fertur
540 2204 553 2230 ,
602 2164 756 2220 cuius
805 2165 1005 2240 postica
1069 2163 1232 2219 facies
1275 2165 1350 2218 ita
1413 2158 1705 2233 inscripta..
1744 2186 1747 2189 ·

331 2237 595 2296 habetur:
614 2252 882 2298 AMicor.
902 2251 1252 2296 ΕΛΕΥΘΕΡΑε
1286 2248 1367 2295 ΕΤ
1382 2282 1394 2294 .
1409 2247 1519 2292 (ΕΗ
1538 2278 1551 2291 .
1566 2245 1708 2290 ΑΜι-Ι

331 2327 588 2375 εΗΝΩΝ.
650 2329 997 2375 ΜΙΛΗΕΙΩΝ.
1047 2315 1130 2372 En
1175 2315 1275 2372 tibi
1321 2357 1334 2381 ,
1398 2314 1541 2368 idem
1605 2328 1708 2364 no·

331 2410 460 2454 men
519 2392 669 2449 urbis
713 2404 907 2463 Αμισᾱ,
961 2395 1149 2461 eadem
1201 2390 1473 2448 vocabula
1532 2386 1711 2460 genti-

330 2476 408 2533 lia
437 2518 454 2546 >
508 2469 854 2546 Amtsenorum
893 2515 910 2543 ,
964 2492 1020 2529 et
1077 2468 1392 2545 Milesiorum
1420 2492 1438 2525 .-
1498 2461 1711 2593 easlcieln

1602 2558 1638 2592 lm
