1856 2901
487 177 754 219 NvMos
819 174 1130 216 VRRIVM
1361 176 1426 230 13

128 291 329 349 arguta
371 276 562 350 potius
590 317 604 343 ‚
646 292 814 348 quam
846 292 969 329 vera
992 313 1007 340 ,
1048 270 1234 344 aliqua
1271 268 1505 326 adnota⁴

130 369 309 410 verint
341 389 353 404 .

242 431 400 480 Duos
450 426 907 482 Cauloniatarum
961 441 1161 477 numos
1199 459 1214 488 ‚
1263 417 1332 475 ab
1384 421 1504 475 aliis

131 502 385 556 nondum
421 504 665 575 prolatos
699 538 713 564 ‚
768 499 866 571 qui
908 497 1196 571 fingularia
1230 497 1504 571 quaedam

125 598 254 653 prae
288 578 338 632 se
373 577 557 631 ferunt
586 617 600 643 ‚
640 573 910 628 exhibebo
943 596 960 640 3
1002 576 1226 629 illorum
1269 592 1502 646 quoque

126 653 516 708 numismatum
553 693 566 719 ,
611 670 752 724 quae
793 665 918 704 ante
965 668 1049 706 me
1093 651 1183 705 alii
1221 648 1502 722 produxe-

128 746 261 785 runt
283 768 296 794 ,
323 745 383 782 ut
425 748 504 781 res
538 743 654 780 tota
683 726 875 782 melius
905 726 1202 781 illustretur
1220 766 1235 791 ‚
1265 727 1505 778 mentio-

125 823 252 859 nem
293 803 599 858 faciendam
642 802 777 856 duxi
809 845 823 857 .
862 805 1052 876 Atque
1082 819 1143 857 ut
1181 800 1280 855 suo
1316 801 1505 856 omnia

123 880 318 935 ordine
346 878 647 954 procedant
666 919 680 944 ‚
704 880 942 952 primum
971 878 1038 932 de
1065 878 1370 934 Cauloniae
1397 896 1505 931 no-

128 954 371 1010 minibus
403 996 416 1021 ,
456 956 701 1027 origine,
746 954 881 1020 fitu,
922 954 1122 1008 cafibus
1165 972 1323 1026 agam
1356 970 1367 1005 ε
1411 952 1506 1007 de-

130 1031 257 1085 inde
288 1051 382 1096 ea,
427 1050 567 1103 quae
610 1029 679 1084 ad
720 1046 1022 1083 numorum
1063 1030 1504 1103 expositionem-a

131 1108 408 1181 pertinent
439 1147 452 1172 ,
493 1109 569 1160 ita
601 1103 942 1179 pertreufftabo
971 1126 988 1171 3
1029 1121 1091 1158 ut
1118 1106 1505 1178 posteaquam,

132 1202 279 1255 quae
323 1182 490 1235 fuerit
538 1183 773 1235 aliorum
811 1178 1075 1234 sententia
1105 1222 1118 1247 ‚
1160 1179 1465 1253 exposuero
1488 1219 1506 1246 ,

130 1277 276 1330 quae
312 1277 460 1312 meae
499 1257 598 1312 fint
630 1257 954 1330 opiniones,
994 1258 1053 1310 in
1091 1257 1334 1311 medium
1374 1274 1505 1330 pro-

126 1334 300 1389 feram
331 1377 344 1390 .

242 1408 381 1465 Vrbs
414 1408 544 1464 haec
566 1450 580 1476 ,
612 1427 781 1482 quam
817 1409 1122 1464 ornandam
1151 1405 1472 1483 suscipimus
1489 1410 1510 1474 ‚'

131 1487 328 1542 Caulon
360 1526 373 1550 ,
419 1499 471 1537 et
499 1486 666 1538 Aulon
694 1524 709 1549 ‚
752 1487 884 1538 item
921 1490 1171 1541 Calidonia
1194 1526 1212 1552 ,
1255 1501 1307 1540 et
1342 1485 1506 1539 Aulo-

129 1566 219 1617 nia
240 1602 253 1627 ‚
281 1559 427 1632 apud
456 1575 657 1613 veteres
687 1561 951 1612 Au&ores
981 1559 1178 1632 scripta
1202 1562 1504 1633 reperitur.

129 1637 351 1692 Caulon
385 1634 692 1708 adpellatur
726 1653 756 1689 a
785 1636 1004 1706 Virgilio
1035 1635 1144 1690 Lib.
1176 1638 1256 1689 111.
1294 1634 1506 1690 Aeneid.

129 1711 271 1784 vers·
314 1729 441 1781 553·

204 1824 492 1894 Hincstnus
507 1821 750 1875 Herculei
762 1821 839 1892 (si
851 1842 980 1891 ‘vera
999 1823 1251 1896 elisama)
1271 1823 1504 1888 Tarenti,

210 1902 457 1953 Cernitur
482 1940 495 1953 .
531 1898 744 1953 attollit
763 1897 822 1970 se
844 1903 996 1954 Diva
1018 1901 1231 1953 Lacinia
1261 1915 1470 1961 contra,

211 1971 552 2048 Caulonisque
586 1993 725 2028 arces
743 2015 756 2027 .

241 2086 454 2140 Eodem
493 2087 716 2140 nomine
749 2085 823 2140 ufi
853 2084 979 2139 sunt
1001 2079 1220 2138 *Plinius
1255 2082 1363 2137 Lib.
1394 2085 1507 2136 11I.

134 2178 189 2216 et
233 2164 461 2247 Ovidius
500 2167 712 2218 Metam.
755 2163 866 2217 Lib.
908 2162 1016 2220 XV.
1059 2158 1197 2232 vers]
1237 2176 1360 2231 705.
1409 2155 1510 2214 ubi

133 2253 283 2296 camt
319 2256 331 2291 2
1012 2284 1016 2288 .

567 2352 895 2429 Caulonaque
915 2394 939 2424 ‚y
975 2351 1359 2430 Naryciamque
1381 2354 1398 2403 .’

1314 2462 1438 2534 Aut·
