1856 2901
389 158 458 221 36
611 161 1117 210 ANIMADVERS.
1158 168 1232 207 IN
1271 168 1420 212 νετ.

309 259 454 317 fione
487 259 808 334 accipientes
835 265 1156 337 Antiquarii
1175 308 1189 333 ‚
1211 267 1540 322 Macedonum
1555 268 1672 342 pri-

305 360 416 395 mae
455 337 811 411 Praefeflurae·
838 380 852 406 ,
895 355 947 394 et
979 340 1225 413 secundae
1256 381 1270 406 ,
1327 343 1675 418 interpretati

304 414 434 472 sunt
463 457 477 471 .
517 413 751 470 Videtur
778 430 830 468 et
861 415 952 469 i-lnle
981 435 1179 471 numus
1212 418 1421 472 minimi
1459 420 1677 474 moduli

304 499 331 562 (
365 492 463 567 qui
493 509 521 544 a
551 490 783 544 Goltzio·
810 530 824 557 ,
868 507 919 545 et
954 493 1248 547 Harduino
1286 512 1400 547 non
1432 497 1500 550 est
1537 497 1678 550 rela-

305 585 439 634 ωε,
482 585 648 640 quem
695 582 874 622 tamen
914 572 1147 639 Begerus
1183 567 1433 624 exhibuit
1470 611 1483 635 ,
1525 585 1576 623 et
1618 572 1678 624 in

303 647 493 701 nostro
537 662 767 716 quoque
823 644 1061 698 Cimel-io
1115 644 1347 700 habetur
1382 652 1403 712 )
1445 646 1500 698 id
1544 664 1677 700 con-

306 723 525 779 firmare
555 759 570 786 ‚
612 721 668 772 in
712 737 828 792 quo
870 717 1179 775 decussatae·
1212 720 1384 775 lineae
1426 738 1671 794 quatuor

302 801 362 855 in
395 799 580 873 plagas
627 795 894 849 circulum
947 795 1127 849 secant
1174 816 1298 852 cum
1341 798 1510 851 literis
1547 814 1676 854 MA.

302 874 609 933 Μακεδόνων.
637 870 868 924 totidem
911 870 1276 928 Praefecturas
1330 873 1636 927 indicantes
1659 916 1674 930 .

300 951 559 1014 Tertiae,
603 961 657 1001 et
704 962 936 1020 quartae
985 947 1356 1004 Praefecturae
1409 948 1674 1003 Macedo-

299 1047 436 1084 num
466 1024 620 1080 numi
658 1022 917 1078 hasten-us
959 1025 1160 1098 prolati
1201 1044 1315 1079 non
1349 1022 1479 1078 sunt
1511 1045 1529 1090 5
1570 1042 1675 1079 no-

302 1108 404 1165 ster
450 1117 706 1176 quartam
749 1098 969 1155 exhibet
1000 1142 1014 1168 ,
1055 1101 1153 1174 qui
1207 1102 1281 1155 ita
1327 1099 1523 1156 habet.

414 1222 601 1291 Caput
643 1214 988 1282 laureatum,
1032 1229 1084 1268 et
1126 1211 1455 1281 barbatum,
1497 1214 1673 1270 Iovis·

411 1339 851 1387 ΜΑΚΕΔΟΝΩΝ.
893 1339 1235 1383 ΤΕΤΑΡΤΗΣ
1257 1371 1270 1385 .
1313 1329 1673 1385 Macedonum,

297 1427 514 1487 quartae
547 1451 560 1462 .
616 1407 785 1461 Clava
829 1405 929 1460 fitu
965 1405 1299 1459 horizontali
1338 1445 1351 1471 ,
1409 1423 1577 1477 quam
1620 1418 1674 1457 et

295 1485 634 1562 epigraphen
678 1499 889 1554 querna
937 1499 1143 1534 corona
1186 1479 1404 1534 ambit:
1448 1478 1574 1533 sunt
1620 1493 1674 1532 et

294 1572 777 1634 monogrammata
812 1554 941 1608 bina
968 1596 981 1621 ,
1011 1555 1243 1608 alterum
1279 1572 1320 1607 M
1353 1571 1406 1608 et
1439 1571 1470 1608 E
1490 1596 1503 1622 ,
1538 1555 1673 1608 alte-

293 1659 419 1696 rum
450 1656 485 1691 N
514 1653 568 1692 et
600 1652 633 1688 Κ
659 1631 1023 1705 εοηιρΙειΕὶεηε
1042 1672 1055 1686 .
1098 1630 1223 1686 Vid.
1247 1629 1381 1689 Tab.
1405 1636 1475 1687 11.
1505 1649 1560 1686 n.
1583 1650 1673 1687 x1.

409 1719 495 1770 De
539 1726 739 1787 quarta
783 1708 884 1760 hac
927 1704 1269 1762 Praefectura
1313 1707 1387 1760 ita
1432 1710 1667 1761 Livius:

293 1802 551 1870 Qartam
589 1790 846 1859 regionem
886 1783 1141 1849 Eordaei,
1182 1799 1234 1836 et
1275 1785 1571 1860 Lyncestae,
1615 1797 1671 1835 et

297 1872 587 1939 ‚Pelagones
629 1861 860 1916 incolunt
888 1902 901 1914 .
942 1857 1116 1915 Iunffa
1147 1859 1224 1911 his
1254 1860 1571 1921 Atintania,
1612 1873 1667 1910 et

294 1942 610 2027 Stymphalis
638 1980 652 2005 ,
697 1955 749 1992 et
780 1938 1052 2014 Elymiotis
1077 1976 1089 1990 .
1141 1937 1665 2006 Monog1·ammata.,

292 2019 526 2096 legenda
549 2012 740 2072 censeo
756 2057 769 2070 .
813 2022 1220 2066 ΜΑΚΕΔΟΝΩΝ
1239 2053 1252 2068 .
1268 2020 1641 2064 ΕΛΕΥΘΕΡΩΝ
1657 2050 1671 2064 .

293 2106 667 2159 ΝΕΩΚΟΡΩΝ.
709 2107 804 2147 aut
845 2085 1032 2142 omissa
1075 2087 1238 2141 etiam
1283 2105 1418 2141 voce
1458 2086 1671 2139 Ελευθέ-

292 2202 404 2250 ρων,
439 2189 657 2229 tantum
689 2166 1016 2225 Macedonum
1044 2167 1415 2228 Neocororum,
1459 2162 1557 2235 qui
1599 2162 1672 2214 ti-

291 2254 441 2311 tulus
482 2252 540 2304 in
579 2247 696 2304 aliis
738 2241 985 2320 ipsorum
1030 2241 1211 2296 numis
1253 2238 1514 2294 habetur.
1557 2241 1672 2291 Ne-

292 2350 407 2407 que
444 2327 593 2384 obest
628 2367 642 2392 ,
695 2321 866 2396 repeti
922 2319 978 2373 in
1040 2318 1223 2374 eadem
1267 2317 1421 2371 numi
1476 2329 1671 2388 parte.»

294 2407 442 2463 idem
487 2420 690 2460 nomen
733 2396 1139 2456 Macedonum.
1181 2398 1323 2449 Nam
1367 2391 1533 2446 fissmile
1572 2389 1671 2443 ali·-

292 2484 438 2561 quid
468 2480 699 2540 inferius
733 2478 792 2534 in
830 2479 1090 2535 Romano
1119 2513 1135 2543 ,
1179 2489 1232 2528 et
1265 2468 1530 2527 Amiseno
1566 2483 1671 2520 nu-

1495 2559 1590 2598 mo
