1856 2901
377 164 442 198 10
603 157 1089 200 ANIMADVERS.
1129 160 1202 198 IN
1242 161 1389 201 VET.

298 255 689 330 Metropoleos
737 275 965 329 quoque
1021 256 1148 311 suae
1206 257 1503 312 fertilitatis
1555 299 1567 323 ‚
1621 274 1673 313 et

302 334 809 386 emolumentorum
847 330 1096 401 symbola
1146 334 1203 385 in
1248 352 1366 387 aere
1399 333 1497 388 suo
1541 338 1674 389 Cor-

293 407 545 478 cyrenses
590 406 966 481 exprimebant
1004 449 1018 472 ‚
1073 409 1173 481 qui
1220 410 1456 463 Graecae
1502 411 1676 465 item—2

291 485 520 556 linguae
560 483 718 538 usum
770 505 798 538 a
833 484 1049 538 Gnidiis
1087 482 1345 557 accepisse
1389 484 1674 543 videntur.

293 560 512 614 Gnidus
545 561 690 613 enim
714 601 727 626 ‚
777 579 1100 634 quanquam
1128 560 1322 613 Cariae
1362 561 1489 615 urbs
1522 559 1677 625 esset,

293 638 514 690 Graecis
551 652 730 690 tamen
764 656 792 690 a
820 635 1061 701 civibuS,
1107 651 1169 688 ut
1202 637 1336 689 aliae
1371 637 1676 712 permultae

293 711 450 766 Afiae
504 710 662 766 urbes
694 754 707 779 ‚
753 711 1143 766 incolebatur:
1190 713 1351 765 etiam
1401 735 1428 768 a
1470 715 1677 791 Scylace

292 789 422 841 πόλις
446 799 628 847 Ελληνις
652 829 664 853 ,
708 789 822 840 urbs
855 790 1172 842 Graecanica
1207 790 1535 861 compellata
1556 823 1568 839 .

404 866 792 917 Romanorum
829 881 1058 935 quoque
1100 881 1466 919 monumenta
1498 879 1677 918 vetera

298 939 356 990 in
383 937 484 992 hac
516 939 695 991 nostra
727 941 971 1008 Corcyra
1007 957 1124 992 non
1157 938 1477 1005 desiderari,
1514 937 1677 992 fidem

295 1012 428 1066 facit
464 1017 679 1069 Ioannes
715 1016 899 1067 Lucius
932 1055 945 1080 ‚
989 1015 1085 1088 qui
1136 1015 1280 1069 inter
1323 1015 1677 1090 Inscriptiones

287 1087 615 1143 Dalmaticas
638 1130 651 1155 ,
695 1108 861 1144 unam
901 1109 967 1143 ex
1007 1089 1156 1144 Aldo
1185 1090 1357 1146 refert
1391 1134 1404 1157 ,
1447 1110 1588 1166 quae
1620 1091 1677 1143 in

290 1166 533 1237 Scopulo
564 1167 840 1235 Corcyrae
886 1168 1094 1238 Nigrae
1131 1186 1304 1240 prope
1361 1165 1671 1223 Francisca-

291 1257 391 1293 nos
439 1256 652 1315 reperta
695 1243 765 1296 est
800 1284 814 1311 ,
857 1257 908 1297 et
957 1245 1032 1296 ita
1078 1242 1242 1297 habet
1279 1262 1290 1296 :

794 1408 873 1447 Ἰ).
951 1411 1022 1450 Μ.
1096 1410 1152 1450 'S-

690 1486 1263 1526 VRSINVS.·ET.

535 1558 1425 1599 EVTYCHIA.PARENTES.

592 1629 1395 1674 INFELICES.VRSINO.

568 1708 1389 1749 FILIO-PIENTISSIMO.

878 1785 1084 1825 POS.

786 1861 958 1900 ANN.
1013 1862 1180 1901 XXV.

399 1996 672 2070 Expositis
718 1997 781 2051 iis
814 2039 827 2065 ‚
871 2018 1012 2071 quae
1063 1997 1132 2053 ad
1177 2002 1482 2068 Corcyram
1533 1995 1673 2051 hanc

293 2073 535 2126 nostram
568 2114 582 2138 ,
624 2093 925 2128 numorum
976 2095 1081 2149 ope
1129 2074 1504 2129 illustrandam
1533 2114 1546 2139 ‚
1592 2073 1674 2127 fa-

294 2148 450 2202 ciunt
480 2169 498 2214 3
541 2149 681 2204 illud
713 2152 876 2205 etiam
909 2148 1183 2225 probabili
1215 2171 1242 2205 e
1274 2151 1426 2204 distis
1457 2148 1673 2222 sequela

297 2222 496 2278 deduci
561 2223 708 2300 poffe
762 2228 1025 2283 videtur:
1083 2247 1281 2282 numos
1345 2228 1467 2281 illos
1509 2265 1522 2289 ,
1574 2225 1674 2297 qui

301 2299 578 2371 fingulari
603 2301 861 2373 symbolo
904 2303 1138 2360 diversas
1172 2303 1425 2360 vasorum
1472 2301 1672 2373 figuras

294 2375 352 2429 in
393 2377 581 2434 eadem
630 2378 771 2437 facie
810 2379 1070 2438 exhibent
1103 2420 1119 2450 ‚
1160 2399 1288 2439 cum
1339 2377 1670 2456 epigrath

1442 2469 1594 2513 Kor-
