1856 2901
411 150 481 216 '42
642 159 1160 202 ANIMADVERS.
1199 162 1275 201 IN
1314 159 1449 202 ver.

344 258 648 331 Vespasiani
680 303 694 328 ,
755 278 880 314 cum
929 260 1095 313 titulo
1133 271 1473 314 ΝΕΩΚΟΡΩΝ
1509 280 1526 326 3
1571 260 1706 314 alter

350 335 632 408 Elagabali
664 377 676 402 ,
714 355 837 390 cum
869 334 1163 409 epigraphe
1192 343 1669 390 ΜΗΤΡΟΠΟΛΕΩΣ
1690 376 1703 391 .

460 415 587 466 Erat
626 411 845 485 quidem
888 413 1053 465 altera
1102 431 1330 485 quoque
1371 411 1701 480 Lysimachia

349 488 408 544 in
463 490 683 543 Aetolia
717 530 730 554 ,
780 490 863 543 uti
918 486 1217 561 Stephanus
1262 489 1319 541 in
1368 490 1664 556 Λυτιμάχειοι
1694 529 1708 542 .

346 568 449 621 ΕπἹι
501 570 587 617 καί
628 569 758 618 πόλις
800 567 1037 619 Αιτωλίας
1069 606 1082 618 .
1132 564 1224 616 Ad
1270 564 1409 617 hanc
1457 604 1471 629 ‚
1526 565 1704 616 minus

351 642 515 694 etiam
554 656 742 693 notam
767 681 779 704 ‚
827 658 1024 693 numos
1068 637 1227 694 hosce
1271 638 1575 713 Vespasiani
1601 680 1615 706 ,
1654 652 1707 691 et

348 715 630 787 Elagabali
673 717 939 789 pertinere
979 733 1093 768 non
1138 712 1281 788 po‘ffe
1311 754 1324 780 ,
1364 734 1429 769 ex
1471 734 1536 769 eo
1575 733 1705 788 pro-

350 790 529 845 babile
575 791 678 844 fit:
728 790 882 864 quod
933 789 1032 845 suo
1073 792 1179 844 iam
1208 802 1473 864 ‘tempore
1516 790 1704 848 Strabo

349 868 467 922 Lib.
506 869 578 922 X.
633 867 774 921 hanc
812 865 1198 936 Lysimachiam
1240 865 1474 922 eversam
1514 864 1708 921 fuisse,

354 941 701 1019 prodiderit3
744 961 925 1014 neque
968 946 1173 998 constet
1206 941 1430 997 eandem
1475 961 1503 996 e
1533 942 1706 996 ruinis

349 1017 568 1074 1ursnm
620 1019 869 1074 exstitisse
900 1057 911 1073 .
964 1023 1150 1088 Qare
1197 1038 1310 1073 non
1357 1018 1556 1088 video,
1608 1035 1707 1072 cur

341 1097 686 1152 Ptolemaeus
716 1136 730 1162 ‚
773 1097 870 1168 qui
909 1097 1184 1150 Antonini
1220 1097 1299 1151 Pii
1338 1111 1584 1170 tempore
1627 1093 1708 1148 vi·

347 1171 430 1224 xit
464 1213 475 1237 ,
518 1189 720 1226 nomen
758 1171 1121 1243 Lysimachiae
1161 1172 1452 1228 Thracicae
1499 1172 1556 1224 in
1596 1173 1706 1223 He-

350 1248 638 1301 xamiliurn
687 1249 1021 1303 inmutatum
1058 1246 1297 1303 scribat:
1354 1247 1446 1302 nifi
1493 1262 1706 1301 utrum-⁶

343 1342 455 1396 que
487 1321 632 1378 forte
676 1323 809 1379 haec
845 1322 973 1379 urbs
1014 1344 1216 1379 nomen
1245 1323 1543 1379 retinuiffet
1568 1363 1582 1390 ,
1615 1341 1705 1377 ve-

330 1403 446 1454 'teri
486 1414 668 1454 tamen
716 1401 772 1453 in
819 1402 1054 1456 monetis
1096 1400 1202 1456 suis
1250 1400 1342 1457 usa
1369 1444 1381 1457 .

461 1473 681 1530 Numus
711 1478 889 1530 noster
926 1479 1527 1547 magnam-vetustatem
1573 1492 1698 1547 prae

347 1548 401 1605 se
437 1550 542 1605 fert
574 1593 588 1619 ,
647 1551 977 1623 videturque
1016 1553 1158 1605 circa
1204 1550 1703 1624 ipfiuaLysimachi

342 1641 594 1700 tempora
639 1623 911 1700 percussus
960 1625 1057 1681 effe
1088 1668 1101 1693 ,
1145 1629 1241 1700 qui
1281 1628 1346 1681 de
1390 1625 1703 1682 celebriori·

343 1700 444 1756 bus
478 1702 781 1762 Alexandri
819 1703 1012 1773 Magni
1054 1702 1302 1756 Ducibus
1343 1722 1456 1755 non
1501 1704 1704 1776 postre-

337 1794 461 1832 mus
491 1820 504 1844 ‚
536 1777 604 1831 ab
635 1779 749 1831 eius
778 1793 955 1830 morte
978 1819 991 1843 ,
1022 1778 1284 1832 Thraciae
1309 1778 1576 1852 praefuit,
1605 1797 1702 1831 cu-

339 1855 424 1908 ius
448 1868 668 1928 'partem
717 1854 877 1907 armis
913 1852 1004 1907 fibi
1047 1852 1346 1908 subiecerat
1378 1897 1390 1910 .
1429 1855 1704 1910 Vi&oriae

340 1945 505 2003 typus
547 1931 604 1983 in
642 1948 816 1983 numo
855 1933 1039 1983 nostro
1079 1930 1262 1985 eadem
1310 1931 1548 1986 victricia
1592 1931 1699 1998 Ly-

334 2005 550 2062 fimachi
599 2025 746 2060 arma
804 2005 1099 2077 significare
1151 2007 1409 2062 videtur.
1488 2007 1701 2062 lnlustr.

333 2082 666 2155 Spanhemius
697 2086 832 2137 Tom.
855 2086 905 2137 Ι.
949 2084 1161 2155 Dz'ffert.
1205 2089 1252 2139 8.
1297 2088 1418 2159 Cap.
1446 2103 1491 2154 5.
1532 2082 1698 2135 huius

333 2157 484 2212 urbis
517 2178 748 2213 numum
779 2158 996 2227 adfert,
1038 2179 1161 2214 cum
1198 2160 1350 2214 fimili
1391 2161 1572 2214 velato
1613 2177 1702 2211 ca-

332 2235 448 2308 pite
478 2274 490 2297 ,
534 2237 618 2293 uti
664 2237 722 2291 in
768 2238 953 2293 nostro
997 2236 1067 2291 est
1093 2277 1109 2306 ,
1138 2253 1190 2293 et
1235 2237 1384 2294 clava
1429 2255 1495 2291 ex
1529 2235 1698 2290 altera

332 2325 487 2386 parte
519 2352 534 2367 .

1443 2485 1615 2610 ΔΝνἵ
