1856 2901
492 244 760 286 NVMos
834 241 1143 284 VRBIVM
1352 247 1414 302 73

151 352 277 413 655.
320 344 399 398 vel
436 352 563 400 666.
594 347 733 397 Nam
771 359 946 414 *quum
1001 361 1119 395 aera
1159 343 1493 396 Graecorum

150 420 372 492 incipiat
419 418 486 473 ab
522 434 789 471 autumno
834 419 959 469 anni
1005 420 1065 470 V.
1101 419 1175 472 C.
1220 436 1342 483 442.
1393 418 1495 485 igi-

150 508 241 546 tur
283 515 405 562 442.
446 491 507 550 *1⁴-
552 510 670 546 zzz.
714 492 908 562 aequal.
966 499 1095 558 664.
1155 509 1270 562 quo
1320 507 1493 543 annus

149 569 464 637 Bithynicus
507 566 562 617 in
618 582 886 619 autumno
932 563 1116 618 finitus
1161 575 1229 618 eit
1262 606 1274 629 ‚
1326 580 1496 636 atque

151 644 358 716 incepit
402 658 537 694 ann.
579 644 641 697 V.
689 644 766 695 C.
814 649 941 710 663.
980 641 1035 692 in
1081 657 1378 694 autumnO.
1415 644 1497 693 Ita

150 739 274 784 442.
325 726 384 783 ᾖ
443 735 562 783 224.
608 717 804 789 aequal.
851 724 978 770 665.
1013 730 1067 769 et.
1110 714 1177 768 ab
1225 732 1498 770 autumno

149 792 274 845 anni
319 791 682 862 praecedentis
730 800 861 859 665.

300 870 410 919 Iam
455 884 582 919 vero
621 866 766 937 apud
814 865 1234 936 Chronologos‚
1266 884 1293 919 e
1347 881 1492 918 certa

150 957 391 996 veterum
438 942 771 1014 Scriptorum
820 940 1259 1006 combinatione,
1305 940 1360 992 id
1411 942 1501 993 im

150 1013 392 1071 confesso
455 1018 522 1070 est
566 1056 578 1079 ‚
628 1017 885 1069 ultimum
952 1018 1237 1085 Bithyniae
1290 1019 1500 1086 Regem

147 1091 500 1146 Nicomedem
539 1095 637 1146 lV.
674 1092 1009 1165 Epiphanem
1058 1092 1294 1154 dictum,
1332 1095 1500 1144 vitam

149 1165 332 1220 finiisse
380 1184 525 1219 anno
564 1171 628 1222 V.
671 1170 744 1222 C.
797 1176 923 1235 679.
980 1182 1032 1219 et
1085 1163 1501 1238 Rempublicam

148 1247 455 1297 Romanam
502 1240 581 1295 sui
625 1244 776 1313 regni
823 1241 1068 1296 heredem
1123 1238 1367 1313 scripfii'se
1398 1283 1410 1296 .

66 1322 70 1326 ’
302 1319 385 1370 Isti
416 1319 584 1388 igitur
621 1319 891 1386 Bithynici
936 1318 1121 1381 numi,
1163 1317 1231 1369 ad
1266 1334 1503 1370 mentem

148 1395 202 1447 P.
249 1392 515 1446 Harduini
552 1433 564 1457 ,
608 1392 825 1466 percuffi
874 1391 1035 1447 essent
1079 1393 1294 1463 aliquot
1343 1394 1498 1444 annis

151 1483 276 1520 ante
317 1467 631 1520 Nicomedis
671 1470 922 1540 postremi
966 1468 1211 1522 obitum.
1250 1471 1321 1520 At
1354 1470 1499 1519 enim

149 1543 362 1596 vivente
403 1546 601 1614 Rege(
634 1542 722 1594 etfi
766 1543 805 1594 is
851 1543 907 1593 in
949 1544 1252 1595 clientelam
1302 1546 1506 1595 Roma-

150 1635 352 1670 norum
405 1616 508 1670 sese
550 1615 757 1669 dederit
784 1656 798 1677 ‚
828 1631 880 1669 et
920 1617 1319 1688 praesidiarium
1358 1618 1504 1670 mili-

150 1708 261 1746 tem
303 1689 637 1762 susceperit)
669 1711 696 1744 a
741 1689 987 1744 subieffis
1031 1690 1120 1744 fibi
1171 1691 1393 1745 urbibus
1437 1691 1502 1745 fim

150 1781 346 1838 gnatos
398 1766 494 1820 effe
542 1784 776 1830 numm,
824 1763 935 1819 sola
989 1769 1226 1820 Romani
1285 1768 1504 1836 Legati,

132 1843 370 1915 qualem
409 1842 684 1914 Papirium
735 1840 888 1894 fuiffe
937 1857 1096 1913 putat
1142 1841 1496 1906 Harduinus,

152 1919 304 1970 nulla
357 1937 483 1971 vero
532 1916 688 1989 ipsius
743 1916 905 1986 Regis
956 1918 1234 1971 mentione
1288 1916 1456 1970 facta„
1487 1956 1500 1980 ,

154 1994 279 2065 quis
311 1991 365 2044 id
406 1991 493 2045 fibi
542 1991 900 2066 persuadeat?
929 1992 1195 2057 Adcedit,
1235 1992 1372 2045 nihil
1411 1992 1507 2044 ad-

154 2067 282 2122 ferri
331 2069 698 2135 auetoritatis,
741 2086 838 2121 nec
880 2066 1079 2121 adferri
1126 2065 1341 2121 forraffe
1388 2064 1512 2139 pos-

156 2142 244 2209 se,
277 2162 385 2215 qua
426 2143 775 2209 ostendatur,
819 2158 936 2195 tum
984 2145 1180 2197 Caium
1232 2143 1513 2214 Papirium

154 2217 466 2272 Carbonem
519 2219 574 2271 in
634 2218 945 2287 Bithyniam
1002 2218 1186 2290 Legati
1249 2219 1510 2272 nomine.-

156 2291 369 2345 miffum
422 2291 604 2351 fuisse.
645 2296 816 2363 Qod
851 2292 883 2345 fi
932 2295 1053 2366 quis
1090 2311 1272 2348 autem
1318 2308 1510 2363 neget,

157 2365 521 2439 Scriptoribus
568 2369 838 2442 plerisque
886 2368 1154 2423 veteribus
1199 2367 1356 2422 fidem
1418 2368 1513 2418 ha-

156 2441 391 2495 bendam
434 2464 450 2507 ς
505 2442 639 2498 ferat
679 2486 692 2510 ,
736 2445 769 2499 fi
825 2442 915 2517 ipfi
971 2464 1197 2518 quoque
1251 2462 1361 2495 non
1416 2441 1512 2493 ha-

155 2514 406 2572 bebitur.
446 2521 605 2574 Certe
652 2524 998 2587 Numerum,
1039 2536 1091 2574 et
1136 2520 1519 2592 Scriptorum-a

1292 2607 1439 2646 vete-
