1856 2901
387 144 457 208 56
609 150 1096 197 ANIMADVERS.
1137 155 1210 195 IN
1249 155 1397 196 VET-

303 249 420 303 lum
473 251 709 323 primum
753 252 1019 306 Punicum
1059 293 1073 318 ‚
1121 267 1174 305 et
1217 249 1542 307 Hannibalis
1591 252 1667 306 ir·-

300 327 616 400 ruptionem
663 329 720 380 in
766 328 977 381 ltaliam
1023 326 1336 381 interceffit.
1371 332 1515 382 Nam
1556 329 1668 381 Pli-

301 405 415 456 nius
447 401 590 457 libro
621 405 828 457 citato:
861 403 1065 456 Librale
1099 420 1265 458 autem
1292 405 1486 477 pondus
1531 406 1668 459 aeris

299 481 614 532 imminutum
658 482 724 547 est
773 480 919 531 Bello
965 480 1146 531 Punico
1183 482 1371 552 primo,
1401 500 1548 551 quum
1584 481 1667 534 im.

295 555 462 628 pensis
506 553 804 628 Respublica
844 575 939 605 non
985 552 1238 625 fiifficeret
1271 571 1281 606 :
1321 557 1667 623 constitutum-

301 650 395 703 que
425 633 526 698 est,
565 646 624 684 ut
661 628 797 697 Affi‘s
847 627 1162 683 sextantario
1203 630 1415 706 pondere
1436 631 1666 702 feriren-

299 720 388 757 tur
428 745 581 754 ψῃ..-
603 707 775 766 Poslea
819 704 1110 759 Hannibale
1152 722 1364 776 urgente
1410 709 1669 769 Marcum,

300 783 388 854 Q
424 778 572 833 Fabio
626 782 858 833 Maximo
904 778 1165 832 DiHa-tore
1200 819 1213 843 ,
1250 780 1392 850 Affes
1445 780 1671 834 unciales

291 854 433 929 fabii
461 894 475 908 .
520 857 736 907 Numus
788 873 917 909 vero
960 855 1135 907 noster
1174 857 1340 910 Sentis
1385 870 1498 908 erat
1530 895 1545 920 ,
1600 870 1664 908 ut

301 944 438 982 nota
480 930 542 983 S.
585 930 821 987 indicat.
866 930 1039 1002 Igitur
1085 932 1158 982 Ab
1204 947 1324 985 tum
1368 946 1482 984 erat
1532 929 1671 983 dua-

299 1023 423 1058 rum
469 1005 801 1071 unciarum,
850 1004 937 1059 seu
985 1004 1319 1061 sextantario
1381 1003 1625 1079 pondere
1655 1047 1669 1061 .

300 1078 475 1147 Qod
501 1078 535 1133 fi
573 1084 771 1148 Festum
815 1079 967 1153 sequi
1018 1081 1305 1148 malimus,
1342 1099 1541 1136 numus
1572 1081 1664 1136 hic

299 1156 421 1230 post
465 1172 727 1229 coeptum
778 1155 983 1211 bellum
1041 1158 1310 1213 Punicum
1369 1155 1670 1213 secundum

302 1228 576 1305 percussus
629 1233 749 1296 est;
800 1252 926 1288 nam
984 1233 1057 1287 ita
1109 1234 1150 1286 is
1204 1234 1367 1289 habet
1412 1239 1467 1287 in
1516 1234 1669 1290 verbo

290 1306 662 1381 sextantarii:
713 1311 925 1384 Propter
973 1309 1159 1362 bellum
1216 1313 1453 1364 Panicum
1491 1307 1668 1381 secun·

299 1383 416 1437 dum
451 1383 791 1438 decreverunt
836 1389 1043 1448 Patres,
1089 1402 1148 1438 at
1189 1388 1370 1458 Aſsem,
1422 1389 1509 1458 qui
1559 1401 1667 1438 tuni

301 1474 456 1514 erant
496 1459 704 1514 librarii
734 1502 745 1523 ,
772 1463 969 1531 fierent
1003 1459 1332 1530 sextantarii
1361 1501 1374 1516 .
1420 1464 1540 1530 Ego
1576 1478 1667 1513 ve-

308 1553 374 1590 10
421 1549 473 1587 et
514 1535 755 1588 Plinium
803 1551 855 1587 et
899 1535 1110 1587 Festum
1161 1536 1218 1587 in
1267 1554 1334 1588 eo
1394 1533 1670 1609 peccasse..

303 1609 588 1665 contendo
625 1649 640 1675 ,
687 1608 843 1682 quod
893 1608 1099 1663 Affium
1156 1609 1375 1683 pondus
1424 1631 1451 1665 a
1496 1609 1674 1664 librali

307 1685 380 1741 ad
434 1682 832 1740 sextantarium
870 1724 883 1748 ,
926 1684 984 1738 id
1019 1687 1130 1750 est,
1174 1706 1203 1740 a
1236 1685 1529 1740 duodecim
1569 1705 1673 1740 un-

307 1761 406 1817 ciis
463 1760 532 1815 ad
577 1759 711 1815 duas
751 1803 765 1828 ‚
818 1760 921 1816 fine
965 1760 1140 1814 media
1181 1763 1284 1816 alia
1337 1763 1677 1828 mutatione,

308 1836 678 1892 imminutum
722 1837 821 1892 effe
858 1835 1203 1911 perhibeant.
1232 1836 1296 1892 Id
1325 1856 1390 1892 ex
1430 1835 1673 1894 vetustis-

308 1911 452 1969 fimis
515 1916 898 1969 Romanorum
967 1915 1146 1968 numis
1201 1914 1419 1969 Cimelii
1467 1915 1677 1981 nostri,

310 1989 382 2044 ad
437 1988 663 2063 pondus
723 1991 1014 2064 antiquum
1081 2006 1331 2045 monetae
1390 1995 1675 2047 Romanae

306 2066 506 2121 exaffis
535 2107 547 2131 ,
592 2085 678 2121 me
720 2067 1098 2122 confe&urum
1147 2065 1332 2141 spero,

418 2142 603 2197 Exstat
664 2144 722 2197 in
785 2142 1066 2199 Thesauro
1117 2142 1382 2200 Caesareo
1433 2147 1678 2201 Viennae

303 2216 735 2293 pulcherrimum
803 2220 942 2275 illud
997 2221 1272 2276 vetustatis
1341 2239 1674 2277 monumen-

302 2308 423 2348 tum
449 2336 462 2361 ,
509 2296 726 2370 pondus
765 2313 1017 2352 Leotoms
1047 2336 1060 2353 .
1096 2313 1304 2353 PRIMAE
1335 2342 1348 2355 .
1377 2313 1643 2355 ITALICAE
1664 2338 1679 2352 .

305 2370 382 2425 ita
422 2372 566 2428 enim
596 2374 709 2428 illic
737 2375 1006 2445 argenteis
1036 2373 1464 2441 charaReribus,
1502 2391 1672 2429 aeneo

303 2445 549 2523 pondexi
584 2448 831 2520 insertis,
871 2448 1106 2508 habetur
1131 2472 1153 2520 3
1190 2451 1249 2507 in
1299 2452 1455 2509 cuius
1491 2449 1674 2523 >supe-2

1458 2544 1603 2583 note
