1856 2901
381 167 449 221 50
603 165 1116 212 ANmADvERsa
1156 171 1231 211 IN
1271 171 1407 213 νετ.

300 262 434 319 volo
480 283 491 315 :
550 261 658 318 fuir
699 267 841 320 enim
885 267 977 320 iste
1021 269 1319 323 oculorum·
1361 269 1535 327 facilis
1582 271 1679 336 las

298 335 424 414 psus
455 379 470 405 ,
512 356 624 394 non
669 344 822 396 venia
874 342 1080 408 mod0‚
1125 343 1212 398 sed
1257 345 1662 419 propemodum

299 413 461 472 laude
513 415 739 487 dignus.
781 422 923 472 Nam
970 439 1143 491 quum
1180 439 1409 475 numum
1458 424 1661 478 illum-2

299 495 487 548 nastus
528 492 650 547 effet
683 533 697 558 ,
755 495 808 547 in
849 493 1066 550 adversa
1111 513 1261 569 parte
1306 499 1655 570 aliquantum

298 570 550 626 attritum
578 611 592 635 ‚
637 584 696 623 ut
737 585 946 636 turreS,
990 571 1209 627 floresve
1245 575 1298 625 in
1337 577 1512 647 capite
1546 592 1662 627 non

299 645 624 701 discerneret
647 685 661 711 ,
703 661 868 719 atque
902 649 1118 700 ornatui
1152 650 1342 722 capitis
1371 690 1384 715 ‚
1426 668 1542 723 quo
1576 650 1664 704 so-

297 724 374 778 let
410 723 466 775 in
504 722 684 775 numis
724 723 1003 776 Marciana
1044 742 1393 797 comparere,
1437 726 1536 779 hac
1574 745 1660 778 ra-

299 800 454 854 tione
482 796 718 851 formam
757 797 906 851 haud
944 799 1179 853 multum
1212 800 1512 854 diffimilem
1549 820 1653 854 nu-

299 883 420 930 mus'
457 872 734 927 exhiberet
769 894 784 937 ,-
827 874 1160 947 epigraphen
1226 883 1499 949 praeterea
1551 894 1666 929 non

300 953 572 1021 integram
615 950 816 1020 legeret
857 989 870 1014 ,
929 948 1019 1003 sed
1063 966 1278 1006 tantum
1328 962 1493 1005 MAPK
1525 991 1538 1016 ‚
1580 950 1663 1005 vel

302 1036 621 1081 MAPKIAN.
661 1021 841 1079 Sciffet
873 1028 1036 1079 eriam
1068 1031 1150 1083 vir
1180 1027 1426 1082 eruditus
1457 1070 1470 1094 ‚
1513 1030 1663 1081 Mar-

298 1102 621 1177 cianopolin
653 1141 666 1166 ‚
712 1101 867 1153 cuius
912 1101 1059 1155 urbis
1099 1105 1337 1177 populus
1390 1105 1443 1155 in
1495 1106 1662 1157 altera

299 1180 458 1234 numi
508 1192 660 1250 parte
707 1174 1033 1231 adscribitur
1067 1220 1079 1243 ,
1120 1179 1221 1234 effe
1268 1199 1296 1233 a
1340 1180 1653 1246 Marciana,

297 1254 519 1311 Traiani
573 1251 802 1318 sorore,
856 1253 911 1305 in
962 1254 1159 1309 Moesia
1212 1254 1492 1309 conditam
1535 1295 1547 1320 ,
1603 1271 1654 1308 et

297 1330 747 1403 cognominatam
769 1369 779 1392 ,
800 1330 925 1382 teste
938 1334 1197 1386 Ammiano
1219 1333 1524 1386 Marcellino
1555 1331 1664 1386 Lib.

303 1411 534 1464 XXVII.
575 1410 710 1460 Sane
739 1402 1097 1478 probabiliter
1125 1423 1339 1479 poterat
1374 1408 1663 1460 lechonem

298 1484 493 1558 capitis
527 1485 602 1536 ita
634 1480 915 1553 supplere5
959 1491 1286 1535 MAPKIANH
1309 1524 1321 1536 .
1344 1493 1479 1537 ΣΕΒ.
1519 1487 1668 1537 Mar-

297 1564 446 1615 ciana
478 1561 739 1630 Augusta.
781 1552 952 1622 Qod
995 1554 1038 1607 fi.
1071 1571 1330 1610 ornatum
1371 1574 1536 1631 caput
1577 1556 1661 1610 di-

299 1636 486 1690 stinc’ce
536 1630 787 1696 vidiss'etg
838 1628 1024 1684 nullus
1066 1630 1265 1685 dubito
1304 1673 1317 1698 ,
1361 1635 1499 1706 quin
1549 1653 1660 1687 me-

300 1720 426 1767 mor
468 1710 585 1765 eius
624 1708 777 1760 numi
813 1745 829 1770 ‚
869 1706 966 1777 qui
998 1704 1082 1761 ‚ab
1131 1707 1422 1762 Harduino
1457 1711 1659 1764 relatus

299 1789 371 1843 est
398 1827 413 1852 ,
455 1799 621 1858 caput
660 1781 920 1836 turritum
955 1779 1252 1850 exhibens,
1290 1802 1414 1837 cum
1448 1786 1662 1858 epigra-

299 1863 407 1939 phe
455 1869 673 1915 CAPAIC
700 1901 715 1914 .
756 1857 920 1912 altera
961 1877 1025 1912 ex
1067 1873 1219 1931 parte
1259 1871 1664 1918 CAPAIANQN.

301 1938 478 2012 quin,
519 1937 748 2008 inquam
779 1975 794 2001 ‚
833 1933 989 1988 aliter
1028 1933 1093 1988 de
1134 1935 1242 1992 hoc
1281 1953 1455 1992 numo
1495 1938 1668 2011 expli-

244 2039 247 2041 ·
302 2011 484 2070 cando
522 2009 781 2069 statuiffet
807 2050 821 2065 .

1446 2548 1595 2606 NV-
