1856 2901
553 140 808 182 NVMos
868 138 1172 179 VRBIVM
1408 147 1480 195 19

300 244 560 310 Qatuor
597 238 1051 293 Cauloniatarum
1102 252 1299 289 numos
1341 239 1394 289 in
1425 243 1551 295 Ma-

180 336 288 389 gna
327 319 542 373 Graecia
586 315 826 370 Goltzius
873 313 1140 388 protulit,
1188 312 1286 383 qui
1328 310 1404 367 ita
1451 314 1551 368 ha-

194 392 321 447 bent
356 408 371 445 :i

295 469 508 542 Jupiter
565 464 745 519 nudus
802 464 978 529 stans,
1024 461 1221 516 sinistra
1270 460 1487 516 extensa
1530 501 1550 529 ,

183 562 249 596 ex
283 563 391 617 qua
435 541 609 596 taenia
655 537 896 613 pendet:
969 537 1156 592 dextra
1199 536 1410 592 fulmen
1452 557 1548 609 ge-

183 620 303 683 rit3
351 637 414 670 ex
459 632 610 689 parte
658 633 1072 685 monogramma
1112 655 1126 681 ‚
1176 613 1331 686 quod
1380 614 1544 670 vide.

183 692 316 749 Tab.
351 696 391 749 1.,
417 709 566 747 num.
610 695 692 745 111.
732 689 1024 761 legendum
1059 690 1298 744 coniicio
1347 692 1541 756 Τύφων,

187 769 283 840 qui
330 766 436 823 fuit
479 769 719 842 primus,
764 767 845 820 uti
903 766 1140 821 diximus
1171 806 1185 833 ‚
1238 765 1546 820 Cauloniae

182 842 492 901 Conditor..

292 929 797 972 KATAQNIATAN.
837 919 1256 974 Cauloniatarum
1276 958 1289 972 .
1335 920 1546 972 Cervus

182 997 318 1051 stans
347 1037 358 1050 .
409 999 570 1048 Hunc
617 1012 850 1048 numum
896 994 1058 1048 etiam
1105 997 1339 1064 Begerus
1386 991 1543 1046 exhi-

180 1070 329 1125 buit.
368 1072 625 1143 Sequitur
675 1073 838 1126 alter.

287 1156 435 1201 ΚΑΥ.
506 1148 715 1220 Iupiter
784 1146 890 1201 fine
948 1144 1126 1199 taenia
1161 1185 1176 1211 ,
1232 1162 1298 1196 ex
1350 1157 1547 1217 parte...

183 1222 463 1279 cervulus·

287 1308 781 1354 ΚΑΥΛΩΝΙΑΤΑΝ.
801 1301 1008 1359 Cervus
1026 1338 1040 1364 ,
1058 1315 1147 1352 vas
1165 1334 1179 1359 ,
1207 1311 1258 1348 et
1286 1295 1441 1348 litera
1470 1304 1541 1348 cb..

175 1371 409 1427 Fortasse
452 1375 580 1428 loco
618 1373 674 1483 C?
737 1376 933 1428 lec⁶fflm
982 1375 1051 1427 est
1099 1382 1166 1425 Φ.
1193 1376 1336 1425 Nam
1370 1372 1525 1444 prior

173 1449 262 1501 ille
291 1449 591 1516 chara&er,
714 1466 865 1504 vetus
897 1449 1058 1524 Koph
1090 1486 1104 1513 ,
1137 1454 1443 1514 Κρ-πωνιοιτῶν
1474 1444 1538 1500 fi-

175 1542 346 1595 gnum
390 1525 551 1578 etiam
592 1526 648 1577 in
693 1525 962 1578 veteribus
1012 1524 1191 1577 numis
1247 1538 1361 1576 erat
1389 1558 1402 1575 .
1453 1524 1539 1575 De

171 1601 517 1654 Crotoniatis
568 1599 968 1655 Conditoribus
1030 1599 1236 1651 dietum
1282 1599 1353 1653 est
1394 1638 1413 1656 2
1450 1600 1540 1652 Se-

172 1676 366 1748 quitur
410 1677 603 1728 tertius
637 1717 657 1732 ,Α

280 1761 428 1806 ΚΑΥ.
482 1752 691 1823 Iupiter
731 1749 890 1805 solita
934 1749 1141 1821 figura.

281 1836 775 1883 ΚΑΥΛΥΝΙΑΤΑΝ.
803 1830 1010 1882 Cervus
1030 1866 1043 1891 ,
1080 1842 1131 1879 et
1170 1842 1380 1888 ramus,
1403 1836 1532 1876 cum·

167 1919 643 1976 monogrammare
663 1944 673 1967 ,
697 1903 850 1975 quod
890 1901 1011 1957 vide
1037 1899 1170 1955 Tab.
1207 1905 1245 1955 I.
1277 1916 1427 1953 num.
1454 1913 1530 1954 1v.

165 1981 376 2032 Ramus.
426 1980 567 2035 lauri
614 1975 713 2032 effe
758 1978 972 2033 videtur
995 2019 1016 2035 .,
1054 1977 1316 2053 Sequitur
1363 1993 1533 2048 quar-

170 2068 257 2108 tus
301 2055 544 2110 Goltzii..

279 2141 475 2188 ΛΥΑΚ.
503 2150 604 2206 pro
642 2140 809 2184 ΚΑΥΛ,
850 2128 1072 2187 inverso
1117 2128 1214 2185 fitu
1243 2171 1255 2184 .
1289 2127 1537 2201 Jupiter-³

276 2216 445 2262 ΛΥΑΚ
477 2246 490 2262 .
531 2212 737 2264 Cervus
768 2249 780 2273 ,
828 2224 881 2262 et
935 2226 1170 2274 ramus,
1225 2205 1321 2279 qui
1378 2204 1531 2257 oleae

161 2279 492 2341 simillimus,
539 2285 678 2342 Vide
726 2283 859 2341 Tab.
903 2289 940 2340 Ι.
987 2302 1137 2338 num.
1182 2300 1233 2340 V.
1279 2277 1532 2335 Dofflffi-

162 2375 284 2411 mus
314 2361 538 2434 Begerus
559 2365 613 2416 in
645 2358 891 2434 Thesauro
923 2360 1327 2435 Brundeburgico
1357 2356 1531 2410 alium

163 2434 350 2490 adiicit
377 2475 393 2504 ,
440 2455 509 2494 en
554 2438 747 2497 illum!

795 2516 838 2569 Β
881 2536 909 2572 2
1300 2507 1457 2586 Jupig
