1856 2901
514 152 782 193 NVMOS
843 151 1148 192 VRBIVM
1379 159 1443 212 23

64 280 68 284 ·
140 250 297 304 ”tiam
344 286 359 315 ‚
427 247 627 322 quibus
682 248 924 305 abundat
991 249 1292 304 Cauloniae
1345 271 1520 322 ager,

165 326 396 380 omnino
420 324 624 380 refero,
651 329 865 382 Barrius
896 323 1037 380 libro
1069 324 1295 378 laudato
1315 348 1330 379 .·
1361 332 1520 380 Fiunt

165 407 470 458 venationes
505 402 673 454 uberes
701 420 957 473 aprorum,
987 420 1290 464 cervorvm,
1311 418 1362 454 et
1391 403 1521 455 alio-

161 497 271 529 rum
295 479 612 550 stlevestrinm
652 477 974 531 animalium.
1002 478 1163 529 Certe
1200 476 1330 529 alias
1376 494 1520 548 quo-

163 571 271 624 que
312 551 502 604 fertilis
543 565 714 602 terrae
748 549 961 605 divitias
995 551 1051 602 in
1088 566 1316 621 argento
1348 551 1521 622 figna-

160 646 282 681 vere
337 626 741 680 Cauloniatae.
800 630 862 680 In
920 644 1092 679 numo
1154 628 1338 680 nostro
1399 628 1518 700 apis

160 702 328 756 mellis
393 702 768 773 praestantiam
814 741 827 767 ,
888 703 1216 776 copiamque
1261 701 1519 756 indicat:

159 793 397 832 aratrum
430 777 794 847 agriculturae
830 796 984 852 opes:
1017 799 1103 833 vas
1131 780 1189 831 in
1218 779 1518 833 Goltziano

159 871 331 906 numo
388 854 498 906 vini
545 851 847 908 ubertatem
889 896 902 922 ,
948 870 1000 907 et
1049 873 1158 909 una
1207 850 1466 909 vasorum
1499 895 1516 923 ,

159 948 300 1001 quae
360 929 471 982 illic
519 927 901 999 fingerentur,
950 928 1254 985 bonitatem
1310 931 1515 985 iaetat:

157 1006 308 1058 oleae
338 1024 547 1069 samm,
585 1005 689 1057 olei
738 1021 1068 1077 proventum
1111 1005 1331 1080 prodit.
1358 1010 1517 1075 Qae

156 1081 340 1133 omnia
372 1122 383 1144 ,
435 1096 643 1152 praeter
688 1083 875 1133 Poetas
904 1122 916 1145 ‚
962 1083 1125 1135 initio
1173 1082 1472 1153 p1·odu&os
1502 1121 1521 1149 ,
1561 1085 1564 1089 ’

154 1158 369 1211 Barrius
397 1156 607 1209 rursum
641 1156 714 1209 ita
747 1156 1035 1212 confirmat
1055 1158 1320 1227 ,regionis
1350 1157 1515 1212 huius

156 1232 397 1305 apprime
440 1251 670 1303 gnarus:
714 1236 873 1286 Fiunt
908 1235 1185 1288 Cauloniae
1229 1236 1388 1299 vina,
1431 1234 1515 1288 bo-

154 1312 358 1362 m'tatae
406 1310 650 1378 mirifica,
695 1312 818 1361 item
865 1310 1010 1374 olea,
1043 1327 1095 1362 et
1141 1310 1299 1365 mella
1341 1310 1515 1375 clara,

154 1399 207 1436 et
251 1382 451 1455 caseus,
485 1400 537 1436 et
576 1385 799 1457 hippdces
833 1383 1191 1455 laudatzffimi,
1229 1400 1281 1437 et
1311 1385 1515 1458 figlina

161 1475 307 1531 opera
331 1479 427 1510 non
461 1461 740 1530 vulgaria.
775 1459 1005 1514 Piscium
1044 1478 1273 1533 quoque
1313 1461 1512 1534 exqui-

151 1533 232 1589 fiti
281 1531 486 1607 saporis
533 1535 688 1606 copia
723 1573 735 1596 ‚
789 1554 930 1606 quos
973 1535 1110 1589 duos
1151 1553 1332 1589 amnes
1376 1537 1512 1591 Ala-

151 1629 242 1665 rus
271 1624 380 1676 ,et
427 1608 584 1663 Musa
633 1606 904 1663 sufficiunt
933 1651 946 1676 ,
996 1609 1152 1683 piscis
1201 1608 1375 1682 effigie
1417 1615 1512 1667 in..

148 1689 541 1760 numo‘nostro
589 1685 961 1739 commendari
1005 1686 1260 1740 videtur-2
1298 1706 1409 1759 qua
1442 1687 1510 1742 de

147 1780 204 1816 re
235 1759 493 1833 :superius
544 1780 572 1814 e
622 1761 813 1813 Barrio
864 1761 1055 1815 ἱηῐεξὶει
1121 1762 1190 1815 est
1248 1764 1514 1830 menti03

147 1838 244 1910 qui
286 1837 428 1891 idem
480 1835 579 1892 soli
629 1834 1034 1903 salubritatem,
1063 1857 1124 1892 ac
1166 1835 1508 1894 fertilitatem

147 1914 204 1967 in
247 1912 561 1970 universum
606 1913 957 1968 commendat
984 1953 997 1978 ,
1035 1933 1176 1986 quae
1217 1913 1276 1966 in
1327 1931 1506 1968 numo

146 1990 335 2043 nostro
399 2009 572 2046 cornu
610 1990 800 2064 copiae
833 1991 1185 2064 exprimitur,
1208 2005 1259 2043 et
1295 1987 1363 2043 ab
1395 1994 1507 2046 Ho-

144 2068 278 2120 ratio
340 2086 568 2140 quoque
630 2066 1066 2140 comprobatur,
1119 2068 1253 2122 d'um
1305 2065 1503 2125 beatam

144 2142 424 2215 praedicat
456 2143 816 2210 Cauloniam,
851 2144 958 2197 Ode
1000 2147 1194 2201 citata:

370 2296 470 2350 Ille
513 2301 581 2352 Te
629 2320 812 2354 mecum
852 2298 992 2356 locus
1017 2338 1032 2367 ,
1073 2315 1125 2354 et
1163 2297 1337 2354 beatae

368 2409 632 2482 I'qstulant
667 2436 808 2473 arces
825 2457 840 2472 .

739 2532 782 2584 B
813 2549 848 2601 4
1309 2529 1432 2603 An·-
