1856 2901
372 175 444 223 74
618 165 1119 211 ANIMADVERS.
1176 171 1249 209 IN
1288 167 1434 209 VET-

298 263 648 331 instaurasse,
694 264 1016 337 ornafleque
1073 268 1276 337 legunt
1333 269 1601 319 {hunenes
1650 280 1665 324 3

297 343 625 395 Eumeniam
678 343 735 395 in
785 341 1019 411 Phrygia
1056 381 1068 403 ‚
1113 343 1180 395 de
1228 360 1338 413 qua
1388 341 1665 412 Eutropius

294 418 405 474 Lib.
454 421 548 473 JV.
595 435 701 490 cap.
735 439 780 471 2.
830 435 991 488 agens
1041 415 1106 469 de
1151 434 1337 490 pugna
1374 434 1502 470 cum
1542 419 1664 467 An-

297 492 530 547 tiocho:
583 494 798 550 Auxilio
842 496 959 568 fuit
1010 495 1250 547 Romanis
1305 495 1359 545 in
1398 510 1456 545 ea
1492 507 1669 564 pugna

294 571 587 635 Eumenes,
639 569 822 623 Attali
871 569 1030 637 Regis
1071 569 1253 642 frater
1283 607 1297 632 ,
1351 569 1437 640 qui
1487 569 1671 620 Eume«

292 648 431 699 niam
478 645 796 720 invPhrygia
829 643 1087 697 condidit:
1137 657 1190 695 et
1234 643 1436 697 latinus
1484 654 1667 694 textus

295 721 534 774 Chronici
582 719 782 792 Eusebii
832 737 1004 792 prope
1053 717 1243 771 iisdem
1296 716 1501 773 verbis,
1543 719 1668 771 No-

291 814 418 849 men
460 813 592 848 vero
638 799 909 851 Eumeniae
957 792 1077 846 urbi
1128 793 1257 849 huic
1316 789 1665 867 imposuisse„

288 871 549 928 Attalum
579 911 592 936 ,
637 872 692 922 in
729 869 1001 922 honorem
1043 870 1298 924 Eumenis
1341 870 1544 934 nostri,
1582 867 1665 920 di-

291 949 361 1000 &i
403 948 566 1000 etiam
608 943 950 1017 Philadelphi
992 983 1007 1010 ‚
1047 947 1333 1020 Stephanus
1373 942 1661 1018 perhibet.

443 1021 583 1077 Vrbs
624 1022 792 1075 altera
833 1025 1124 1092 Pergamus
1155 1037 1298 1088 erat,
1342 1039 1509 1094 quam
1549 1022 1660 1072 Eu-

292 1115 477 1151 menes
533 1096 829 1163 aedificiiS,
867 1111 919 1150 et
962 1095 1301 1152 Bibliotheca
1363 1100 1419 1150 in
1477 1095 1664 1170 primis

290 1174 513 1227 ornavit
539 1174 825 1238 ,Strabone
857 1173 981 1229 Lib.
1016 1177 1216 1230 XIII.
1255 1192 1307 1228 et
1348 1175 1518 1227 Plinio
1550 1171 1661 1226 Lib.

288 1250 544 1308 XXXV.
586 1246 849 1306 testibus.
888 1249 1159 1322 Equidem
1224 1245 1488 1324 templum
1531 1247 1653 1302 Iovi

287 1325 615 1398 Capitolino
653 1323 869 1379 erexisse
905 1328 1237 1391 Eumenem,
1277 1325 1526 1399 nuspiam
1575 1325 1660 1376 in-

288 1402 504 1466 veni05
554 1401 787 1455 omnino
849 1415 1031 1455 tamen
1075 1401 1332 1458 credibile
1391 1404 1460 1455 est
1493 1442 1506 1466 ,
1562 1419 1660 1472 pu-

287 1474 443 1530 blicis
484 1477 648 1530 etiam
693 1480 1094 1542 monumentis,
1144 1475 1305 1532 suum
1353 1481 1409 1528 in
1456 1481 1662 1530 Rorna-

286 1562 390 1606 nos
418 1592 432 1616 ‚
476 1568 643 1623 atque
692 1570 886 1605 eorum
939 1555 1268 1606 Tutatorem
1324 1556 1512 1606 Iovem
1553 1553 1662 1605 Ca-

285 1629 587 1702 pitolinum
626 1667 640 1691 ,
679 1643 938 1698 gratum,
980 1647 1043 1681 ac
1091 1627 1357 1683 devotum
1409 1629 1656 1682 animum

285 1706 538 1757 testatum
608 1701 786 1757 feciffe
830 1723 847 1768 ς,
899 1704 1107 1776 quippe
1167 1706 1263 1776 qui
1305 1746 1319 1772 ‚
1382 1720 1655 1776 quantum

285 1783 504 1849 Regum
556 1778 694 1832 alius
746 1797 911 1832 nemo
954 1818 968 1843 ‚
1022 1783 1307 1835 Romanae
1364 1778 1655 1852 Reipubli-

286 1875 378 1910 cae
437 1853 691 1911 deberet.
747 1855 918 1925 Qod
964 1854 999 1909 fi
1056 1857 1296 1910 excitato
1359 1858 1501 1910 Iovis
1546 1859 1655 1911 Ca·-

285 1931 508 2005 pitolini
560 1931 765 2004 templo
801 1938 821 2000 (
859 1932 1020 2005 quale
1066 1930 1305 1986 habuiffe
1346 1932 1639 1995 Colonias,

286 2005 526 2080 aliasque
576 2005 771 2073 uibeS,
819 2027 883 2061 ex
929 2008 1061 2061 Aulo
1109 2010 1281 2061 Gellio
1314 2008 1432 2063 Lib.
1477 2011 1652 2062 XVI.

286 2088 408 2157 Cap.
443 2103 523 2154 ΥΞ.
560 2086 714 2137 Livio
752 2100 845 2140 etc.
876 2098 1043 2156 atque
1086 2082 1205 2156 ipsis
1238 2103 1265 2137 e
1297 2085 1478 2138 numis
1518 2102 1654 2137 con-

286 2160 385 2213 stat
450 2166 469 2225 )
534 2161 799 2212 Eumenes
862 2163 1146 2214 Romanos
1222 2178 1336 2214 non
1411 2160 1651 2225 coluit3

287 2234 528 2289 eiusdem
584 2236 689 2288 Dei
746 2233 932 2289 saltem
981 2237 1035 2288 in
1091 2238 1324 2290 monetis
1383 2235 1489 2291 suis
1539 2254 1654 2290 me-

287 2313 520 2366 moriam
573 2351 586 2377 ,
654 2326 705 2364 et
768 2313 1136 2366 venerationis
1199 2310 1510 2382 symbolum
1561 2311 1652 2366 ali-

287 2387 445 2459 quod
500 2388 923 2463 exprimendum
986 2386 1223 2456 curasse,
1263 2388 1516 2445 dubitare
1557 2389 1650 2444 vix

286 2464 413 2520 licet
442 2506 457 2522 .

1449 2548 1636 2614 Qare
