1856 2901
395 162 480 214 52·
617 160 1114 208 ANIMADVERS.
1153 166 1225 207 IN
1263 166 1409 210 νετ.

315 274 440 313 rae.
479 255 689 315 Referri
737 262 842 316 huc
885 265 1056 335 potest
1100 301 1113 326 ‚
1158 264 1313 337 quod
1364 263 1432 318 de
1485 263 1670 320 Seleu-

318 331 551 387 cenfium
603 336 671 390 ad
714 338 1088 407 Calycadnum
1132 339 1494 405 numismate,
1539 360 1679 414 qua-

316 408 366 462 le
420 410 475 462 in
521 409 757 465 cimelio
818 415 978 468 ctiam
1023 415 1206 468 nostro
1257 413 1488 471 habetur
1520 457 1533 482 ‚
1567 419 1677 470 iam

314 487 605 557 occupavit
649 491 729 543 R.
777 492 848 544 P.
902 490 1217 545 Harduinus
1273 513 1288 558 ,·
1338 491 1489 545 isthic
1555 512 1677 565 pars

316 561 498 616 aversa
529 561 781 636 inscripta
816 566 884 619 est
907 584 916 616 :
939 577 1229 624 ΣΕΛΕΥ...
1258 577 1679 623 ΚΑΛΥΚΑΔΝΩ.

313 640 870 711 AQH.Selettcensium
916 643 986 697 ad
1027 644 1387 721 Calycadnum,
1418 659 1470 695 et
1516 642 1675 697 Athe-

313 715 552 786 niensium
582 756 594 770 .
625 717 893 770 vietoriae
933 733 1123 790 typus,
1170 722 1232 772 In
1275 716 1492 773 adversa
1548 737 1672 791 par·

312 802 366 842 te
414 789 642 844 Palladis
696 808 859 863 caput
898 791 1003 846 sese
1050 794 1209 848 offert
1241 834 1253 859 ‚
1286 814 1410 850 cum
1458 796 1671 866 epigra-

311 862 419 938 phe
469 875 596 923 ΣΑ.
630 866 784 938 quod
827 869 1021 922 iterum
1064 873 1313 924 Σελευκέων
1343 912 1356 925 .
1399 873 1672 928 Αθηναίων.

311 940 731 1013 Seleucensium‚
803 960 854 996 et
917 946 1289 1018 Athemenfiam
1330 985 1343 1009 ‚
1414 944 1670 999 laudatus

313 1016 527 1069 Auaor
586 1017 877 1089 legendum
937 1018 1114 1075 censet
1158 1058 1170 1073 .
1224 1027 1332 1075 Iam
1402 1020 1470 1074 ad
1534 1022 1671 1074 alia..

310 1108 819 1163 monogrammata.
872 1100 1275 1152 Maronitarum
1330 1115 1528 1151 numus
1584 1116 1672 1151 ar-

311 1182 539 1240 genteus
600 1166 762 1223 solito
834 1186 970 1246 typo
1038 1174 1231 1227 Bacchi
1314 1173 1496 1226 stantis
1540 1212 1554 1234 ‚
1623 1187 1679 1226 et

315 1241 475 1298 solita
532 1245 864 1321 epigraphe:
911 1259 1230 1303 ΔΙΟΝΥΣΟΥ
1277 1292 1290 1305 .
1341 1259 1630 1303 ΣΩΤΗΡΟΣ
1661 1290 1675 1304 .
1742 1260 1744 1262 ·

309 1328 704 1377 ΜΑΡΩΝΙΤΩΝ
728 1366 740 1379 .
789 1325 969 1379 Bacchi
1016 1328 1322 1381 servatoris
1386 1328 1674 1379 Maronita-

308 1415 465 1450 rum.-
529 1415 942 1470 monogramma
999 1401 1335 1472 adsignatum
1396 1396 1558 1455 habet
1607 1417 1674 1452 ex

310 1468 491 1526 aversa
523 1490 706 1546 parte,
737 1478 897 1546 quale
931 1476 1051 1529 vide
1081 1477 1214 1531 Tab.
1246 1482 1365 1531 111.
1398 1492 1551 1532 num.
1586 1494 1675 1529 xx.

311 1547 469 1620 quod
516 1550 641 1620 lego
685 1554 783 1603 Asa·
828 1553 1058 1621 Πατρῷε.
1094 1555 1260 1616 Divi,
1291 1552 1383 1606 vel
1445 1555 1543 1606 Dei
1582 1554 1679 1605 Pa-

309 1625 431 1690 tri,
475 1641 570 1677 aut
616 1627 805 1680 Ammine
848 1629 1048 1696 Πατρῴα
1077 1672 1089 1683 .
1132 1628 1312 1682 Bacchi
1366 1627 1569 1682 Patr-ii.
1604 1628 1673 1679 Et

308 1698 368 1751 in
428 1699 539 1753 alio
594 1699 748 1754 simili
798 1720 971 1755 numo
1014 1700 1144 1756 Tab.
1197 1707 1307 1757 111.
1350 1719 1498 1755 num.
1553 1717 1673 1757 xxx.

308 1791 731 1846 monogramma
787 1778 951 1848 lego:
1005 1780 1232 1848 Πκτρῴε.
1273 1781 1441 1832 Patrii
1482 1793 1494 1827 ε
1553 1775 1671 1830 sub-

312 1848 594 1904 audiendo
625 1856 753 1909 Dei.
782 1853 1053 1908 Bacchum
1086 1873 1215 1909 vero
1249 1858 1407 1908 Deum
1443 1855 1673 1907 Patrium

315 1930 342 1993 (
381 1927 614 1999 repetito
639 1927 786 1983 forte
823 1933 1012 1983 Acovziw
1055 1931 1317 1996 nomine)
1355 1930 1670 1983 Maronitae

309 2001 544 2057 Thraces
577 2043 590 2068 ‚
637 2002 711 2058 ob
771 2002 1107 2061 uberrimum
1170 2007 1225 2059 in
1277 2007 1499 2075 regione
1550 2002 1677 2058 sua„

309 2078 424 2134 vini
472 2096 802 2153 proventum
839 2123 853 2147 ‚
887 2083 1005 2136 iure
1050 2084 1265 2157 optimo
1308 2081 1678 2153 compellant:

309 2153 468 2210 cuius
524 2156 634 2210 vini
686 2159 1061 2231 praestantiam
1127 2159 1356 2213 Tibullus
1423 2156 1529 2210 Lib.
1589 2155 1681 2210 JV.

310 2233 504 2304 paneg.
520 2232 763 2303 Meffalae
779 2277 790 2299 ,
807 2250 858 2288 et
875 2235 1075 2289 Plinius
1097 2238 1224 2306 Hist
1243 2239 1373 2290 Nat.
1403 2233 1504 2289 Lib,
1530 2233 1676 2287 XIV.

302 2305 423 2381 βᾶ.
465 2314 518 2365 6.
567 2305 675 2362 suis
738 2309 991 2367 laudibus
1035 2309 1467 2385 comprobarunt
1507 2350 1523 2364 .
1566 2311 1678 2362 Ne-

312 2400 426 2456 que
465 2381 683 2439 insolita
735 2389 804 2442 est
849 2385 1117 2443 veteribus
1155 2389 1371 2443 Graecis
1426 2385 1557 2440 haec
1605 2382 1677 2435 ti·-

313 2458 423 2532 §ulss
481 2458 722 2521 formula
784 2468 890 2522 Dei
933 2466 1152 2535 Patrii3
1199 2462 1429 2543 quando
1482 2456 1672 2544 inseri*

1466 2550 1608 2612 ptloq
