1856 2901
544 158 814 198 NvMos
875 157 1182 197 VRBIVM
1450 165 1484 215 7

295 256 432 312 Vasa
472 257 602 313 haec
641 253 993 326 Corcyrenfia
1044 257 1249 308 Plinius
1294 264 1557 331 quoque,v

172 333 262 388 etfi
305 335 477 406 magis
515 335 774 406 generico
809 329 933 386 usus
966 334 1229 397 nomine,
1275 334 1557 401 Corcyrae

171 410 387 462 nostrae
433 410 747 464 adiudicare
799 407 1018 461 videtur
1067 406 1187 462 Lib.
1231 430 1420 462 xxxv.
1463 408 1558 463 ubi

168 483 236 538 de
272 485 398 539 vafis
437 484 687 538 fidulibus
719 501 885 553 agens
926 523 939 547 ‚
982 497 1034 534 et
1066 483 1295 535 meliora
1329 500 1559 537 enume-

162 579 287 614 rans
329 600 342 626 ,
399 559 684 614 Adriatica
730 556 857 612 vasa
903 556 1255 612 commendat
1302 557 1384 611 his
1441 577 1559 614 ver-

163 636 244 689 bis
278 653 287 686 :
333 635 582 689 Adrianis
610 638 854 704 firmitas
887 676 900 689 .

271 713 466 780 Neque
518 712 657 765 illud
697 710 832 763 mihi
871 708 991 763 heic
1032 710 1232 781 aliquis
1281 707 1548 777 obiiciat,

157 805 269 839 non
301 784 507 851 videri,
553 789 810 860 exiguam
834 825 846 849 ‚
895 801 946 839 et
979 784 1128 838 haud
1174 788 1249 839 ita
1283 786 1414 839 clari
1451 805 1554 839 no-

156 861 314 915 minis
346 859 578 916 insulam
601 904 614 928 ,
648 880 709 918 ac
742 859 943 916 urbem
975 878 1232 916 monetae
1262 860 1552 915 cudendae

153 953 248 991 aut
278 935 519 991 habuiffe
550 938 879 994 exercitium
919 978 931 1003 ‚
975 953 1071 991 aut
1102 942 1186 991 ius
1221 957 1249 990 a
1283 939 1554 992 Romanis

152 1010 448 1066 obtinuisse
482 1057 495 1070 .
537 1019 674 1070 Sunt
717 1015 869 1066 enim
916 1030 1166 1068 veterum
1205 1014 1557 1086 Scriptorum

154 1090 461 1143 testimonia
511 1089 797 1165 complura
840 1091 898 1142 in
940 1106 1245 1163 promth,
1289 1107 1429 1160 quae
1466 1108 1558 1142 ve-

158 1165 369 1219 tustatis
413 1169 735 1221 memoriam
770 1204 783 1230 ‚
839 1165 1268 1239 claritatemque
1312 1165 1557 1218 nominis

150 1241 283 1295 huic
322 1242 532 1295 nostrae
555 1247 839 1310 Corcyrae
875 1241 1167 1307 adserant3
1210 1240 1422 1313 quippe
1459 1260 1558 1294 cu-

153 1319 236 1371 ius
289 1332 343 1369 et
402 1318 659 1374 Historici
707 1317 940 1390 quidam
989 1357 1002 1383 ‚
1061 1333 1115 1371 et
1168 1315 1558 1390 Geographiae

149 1392 447 1464 Scriptores
478 1409 718 1459 veteres,
749 1393 1040 1468 praecipui
1071 1393 1316 1447 nominis
1335 1433 1351 1459 ,¹
1368 1411 1557 1446 omnes

150 1485 496 1523 meminerint
531 1511 544 1523 .

263 1544 476 1596 Bellum
510 1545 800 1615 Illyricum
824 1583 837 1607 ,
867 1545 1025 1615 quod
1058 1561 1209 1597 anno
1241 1547 1305 1600 V.
1329 1548 1393 1601 C.
1428 1549 1558 1614 524ss

154 1635 458 1693 coeptum,
501 1635 555 1673 et
589 1636 740 1674 anno
790 1620 967 1672 altero
1006 1637 1132 1673 cum
1151 1623 1327 1675 Teuta
1362 1662 1375 1686 ‚
1418 1623 1554 1692 llly-

150 1698 249 1750 rici
292 1694 505 1764 Regina
543 1735 557 1761 ‚
602 1696 814 1767 gestum
843 1735 856 1758 ,
902 1709 1072 1766 atque
1124 1694 1437 1750 confectum
1482 1698 1556 1753 est

153 1792 183 1826 a
214 1770 483 1826 Romanis
507 1810 520 1834 ,
551 1770 783 1850 Polybius
820 1769 931 1823 Lib.
963 1773 1024 1825 11.
1070 1768 1377 1824 describens
1397 1814 1410 1838 ,
1446 1771 1554 1827 fre-

158 1862 394 1922 quenter
429 1849 708 1916 Corcyrae
741 1846 1027 1899 meminit:
1073 1845 1299 1900 eandem
1337 1867 1365 1900 a
1403 1850 1554 1902 Teu-

154 1940 210 1978 ta
247 1923 488 1996 primum
532 1938 896 1995 occupatam,
943 1919 1178 1976 subinde
1218 1943 1247 1976 a
1280 1924 1553 1979 Romanis

152 2014 428 2072 receptam
471 1996 606 2054 effe:
652 2017 784 2054 mox
818 1996 964 2054 Iffios
1016 2017 1278 2073 quoque,
1323 2015 1374 2052 et
1410 2000 1553 2055 Pha-

155 2094 280 2131 rum
313 2073 369 2130 1'n
401 2079 788 2131 Romanorum
819 2075 1144 2150 potestatem
1182 2073 1378 2129 venisse
1399 2116 1413 2142 ‚
1455 2076 1551 2130 de.

159 2152 323 2206 dente
377 2150 483 2206 sese
530 2153 819 2208 Demetrio
875 2151 1077 2207 Phario
1109 2196 1123 2209 .
1178 2153 1389 2207 Similia
1440 2152 1550 2209 de.

159 2231 405 2294 Corcyra
433 2246 700 2286 memorat
719 2233 983 2306 Appianas
1015 2229 1074 2282 de
1101 2230 1242 2283 Bell.
1263 2230 1413 2307 Illyr.
1443 2233 1546 2282 Ro-

156 2307 297 2357 mani
326 2308 590 2385 Corcyram
612 2349 626 2372 ,
650 2307 866 2363 Pharum
887 2346 901 2372 ,
925 2308 970 2360 E
964 2303 1085 2377 ffios·
1113 2311 1136 2374 (
1158 2304 1298 2361 Iffios
1328 2310 1346 2370 )
1385 2321 1543 2376 atque

158 2381 492 2454 Epidamnum
523 2387 840 2462 acquisivere
860 2425 970 2441 .-...
995 2387 1290 2464 Corcyram,
1319 2399 1371 2434 et
1387 2380 1542 2452 Apol·

763 2461 817 2518 A
857 2480 892 2529 4
1274 2459 1467 2512 Ioniam
