1856 2901
372 153 486 223 ‘1145‘
636 150 1137 211 AmMAnvrzRS.
1174 166 1250 208 m
1295 166 1442 212 νιετ.

296 273 426 346 Cap.
478 266 626 323 XIII.
686 269 886 321 Plinius
945 267 1068 322 Lib.
1115 269 1168 344 V.
1233 271 1368 341 Cap.
1423 270 1656 328 XXVII.

298 349 551 402 Arrianus
603 342 723 399 Lib.
757 345 834 398 II.
877 340 1050 397 Verba
1104 359 1383 416 apponam
1424 346 1654 424 Dionysii

297 423 594 494 Periegetae
645 416 799 491 «versu
855 424 979 474 868,

482 531 629 588 Κύδνε
675 554 727 584 τε
767 537 967 588 σκολιοῖο
1010 552 1145 602 μεσην
1185 531 1268 586 διὰ
1304 536 1482 604 Ταρσόν

667 608 795 664 ἷχονῗος

367 719 569 802 Cydnus
623 723 818 799 obliquo
875 739 1045 781 meatu
1103 723 1318 779 mediam
1371 721 1584 799 Tarsum

520 801 740 873 transit.

479 1027 797 1088 Nvas
852 1006 1469 1088 SINOPENsx'VM

683 1195 720 1235 T
759 1195 798 1237 A
837 1196 868 1235 B
905 1196 943 1237 V
981 1196 1015 1236 L
1051 1197 1091 1236 A
1207 1198 1260 1238 V.

296 1337 397 1448 C
421 1337 578 1410 Aput
608 1376 622 1402 ,
678 1349 954 1409 quantum
1005 1334 1229 1410 adparet
1260 1374 1275 1402 ‚
1319 1334 1660 1391 laureatum,

442 1427 495 1466 et
542 1408 870 1477 barbatum3
922 1427 1082 1486 penes
1122 1412 1339 1466 vultum
1382 1408 1660 1482 sceptrum

290 1490 569 1564 prominet
608 1505 620 1540 :
671 1486 775 1540 fine
826 1486 1125 1560 epigraphe.
1159 1529 1172 1543 .

437 1574 626 1618 ΣΙΝΩ.
688 1564 914 1622 Σινώπης.
975 1562 1059 1616 vel
1122 1565 1374 1618 Σινωπέων.
1412 1563 1659 1634 Sinopes,

288 1639 372 1696 vel
426 1639 803 1714 Sinopensium.
871 1638 1012 1705 Vir,
1067 1639 1306 1693 currenti
1352 1679 1364 1709 ‚
1419 1652 1471 1691 et
1524 1635 1662 1709 pha-

287 1717 496 1771 learato
548 1733 696 1787 equo
757 1712 985 1768 infidens
1024 1734 1041 1780 3
1087 1713 1275 1770 dextra
1340 1715 1510 1768 telum
1578 1710 1656 1764 vi-

285 1790 476 1846 brans,
510 1794 694 1864 Caput
736 1791 888 1862 galea
926 1790 1203 1844 munitum
1227 1833 1240 1847 .
1276 1795 1495 1844 Aeneus
1534 1804 1659 1861 par·

286 1869 341 1924 vi
392 1866 633 1922 moduli.
679 1864 823 1921 Tab.
870 1870 933 1923 V.
988 1885 1145 1923 num.
1201 1883 1402 1923 xxfflx.

438 1943 656 2012 Equitis
691 1944 884 1996 armati
933 1942 1136 2015 figura,
1177 1940 1395 1998 fortaffe
1434 1937 1659 1997 Mithri-

287 2019 436 2073 dates
486 2022 761 2093 Eupator,
798 2022 958 2074 Ponti
999 2024 1115 2075 Rex
1142 2063 1155 2089 ,
1188 2017 1653 2094 repraesentatur,

288 2097 390 2168 qui
423 2134 437 2158 ,
474 2113 599 2149 cum
655 2094 809 2150 bellis
844 2095 1128 2151 adversum
1183 2101 1467 2152 Romanos
1502 2091 1659 2164 gestis

288 2172 641 2236 inclaruerit,
666 2171 865 2226 hastam
907 2173 1096 2227 dextra
1132 2171 1334 2228 librans
1371 2190 1486 2226 non
1518 2168 1660 2222 male

287 2245 672 2318 effingeretur.
729 2249 979 2303 Ostendit
1048 2265 1231 2304 autem
1294 2268 1495 2305 numus
1550 2262 1655 2298 no-

291 2324 394 2377 ster
443 2342 673 2396 magnae
709 2322 864 2379 sanae
897 2328 1169 2381 vetustatis
1209 2325 1448 2381 indicia:
1486 2338 1657 2394 atque

287 2400 488 2474 Sinope
537 2417 650 2455 erat
696 2400 1109 2475 splendidissima
1177 2403 1515 2458 Mithridatis
1551 2401 1661 2452 Re·-

288 2477 378 2547 gia
410 2519 424 2534 .
489 2476 554 2533 ld
601 2479 828 2553 quidem
887 2498 1013 2535 cum
1057 2500 1123 2537 ex
1179 2484 1270 2538 M.
1324 2480 1659 2608 Tum-gver-

1511 2575 1586 2625 rs,
