1856 2901
424 196 497 259 96
663 203 1152 245 ANIMVDVERS.
1193 205 1266 244 IN
1305 204 1451 245 VET.

341 298 463 369 sae,
512 301 763 356 meientis
811 301 956 375 apud
1006 302 1303 354 Numariae
1346 303 1445 358 Rei
1477 300 1711 374 Scripto-

337 397 449 444 τες,
499 379 652 451 quod
696 376 892 442 sciam,
924 376 1217 449 productae
1262 375 1386 430 sunt
1420 392 1706 431 monetae:

340 456 605 519 alterum,
655 453 809 526 quod
838 453 1125 519 Archelai,
1179 450 1515 507 celeberrimi
1566 455 1714 526 Cap-

340 529 603 604 padociae
674 530 873 600 Regis,
925 530 1139 583 vultum
1214 526 1371 582 nobis
1435 526 1654 582 exhibet
1703 567 1720 593 ‚

339 609 494 660 cuius
548 623 778 659 numum
826 606 1042 658 nullum
1090 602 1218 659 alibi
1267 603 1568 658 adducium
1626 619 1713 656 me
1802 608 1806 612 '

339 681 523 737 vidi‘ffe
574 681 829 736 memini.
885 681 1136 734 Archelai
1194 680 1466 746 Iunioris,
1527 679 1716 734 Philo-

336 757 546 833 patoris
577 756 718 810 ,dicti
744 797 761 822 ,
797 757 894 829 qui
963 754 1105 809 filius
1162 771 1274 809 erat
1315 757 1568 812 Archelai
1616 772 1719 808 no-

337 835 425 888 stri
458 872 470 896 ,
522 851 752 885 numum
808 833 1035 885 unicum
1089 850 1118 885 e
1163 831 1467 888 Raudelotio
1521 833 1723 886 Utilite'

338 910 426 964 des
477 910 743 987 Voyagm,
801 910 948 962 Tom.
1001 911 1097 962 ΙΙ.
1135 925 1268 982 pag.
1312 915 1438 977 605.
1494 926 1712 980 reprae-

336 984 510 1040 sentat
574 983 969 1057 SpanhemiuS,
1039 986 1214 1056 capite
1271 981 1501 1038 imberbi
1573 1000 1713 1036 una..

339 1080 404 1114 ex
452 1076 602 1134 parte
633 1102 645 1126 ,
677 1078 741 1112 ex
786 1060 953 1113 altera
1005 1060 1152 1114 clava
1195 1059 1489 1130 infignem3
1529 1057 1705 1112 idem-

337 1156 446 1209 que
494 1135 750 1189 Archelai
782 1132 941 1207 prisci
987 1135 1359 1190 Macedonum
1397 1136 1560 1208 Regis
1609 1153 1717 1188 nu-

337 1232 458 1266 mos
492 1252 505 1276 ,
560 1231 701 1284 quos
755 1210 1092 1284 produxerat
1139 1213 1391 1266 Goltzius
1423 1255 1436 1280 ‚
1467 1229 1709 1266 comme-

335 1303 560 1343 morat:
622 1301 813 1343 verum
859 1286 925 1340 de
970 1288 1243 1342 Archelao
1296 1289 1517 1342 Seniore
1567 1290 1713 1359 Cap·

338 1364 610 1439 padociae
655 1368 834 1434 Rege,
879 1381 1110 1418 numum
1165 1363 1416 1437 nuspiam
1469 1363 1702 1438 reperit,

339 1459 504 1515 que-m
550 1439 858 1494 exhiberet.
900 1442 982 1492 En
1027 1441 1304 1495 nostrum.

491 1518 680 1587 Caput
745 1513 1036 1567 barbatum
1078 1555 1093 1580 ‚
1137 1530 1190 1567 et
1236 1514 1541 1568 diademate
1597 1512 1713 1566 cin-

337 1595 484 1646 &um
518 1615 533 1644 .·
581 1590 649 1643 ad
696 1591 921 1661 occiput
979 1590 1136 1643 litera
1196 1602 1264 1646 A.
1318 1589 1573 1645 orbiculo
1631 1589 1714 1641 in-

336 1666 518 1731 clusa,
572 1686 682 1739 qua
722 1665 999 1718 indicatur
1028 1707 1042 1720 .
1080 1667 1356 1734 Αρχέλειες.
1403 1666 1711 1721 Archelaus.

337 1741 646 1799 Exhibetur
697 1755 862 1814 typus
918 1739 1066 1794 Tab.
1122 1745 1184 1796 V.
1234 1760 1394 1798 num.
1450 1755 1701 1795 XXXIV.

490 1825 909 1879 ΕΛΑΙΟΥΣΙΩΝ,
951 1828 1078 1871 ΣΕΒ.
1120 1822 1379 1870 Eaaecea-lwv
1423 1819 1708 1883 Σεβωςηνῶν.

338 1895 689 1966 Elaeztstomtm
738 1892 1115 1961 Sebastenorum
1149 1936 1162 1960 ,
1195 1893 1434 1949 Victoria
1467 1931 1480 1956 ‚
1525 1892 1703 1964 capite

339 1972 556 2042 galeato
589 2011 600 2028 ,
642 1965 929 2040 gradiens}
969 1965 1189 2022 dextera
1238 1966 1451 2023 extensa
1503 1964 1708 2020 sertum

338 2060 487 2099 tenet
514 2085 527 2108 ‚
580 2041 778 2098 sinistra
819 2046 1009 2099 vestem
1053 2044 1305 2101 adducit.
1350 2046 1529 2098 Litera
1561 2044 1625 2098 Σ.
1653 2059 1709 2097 Ε.

337 2139 388 2175 et
424 2118 584 2176 B.etfi
610 2119 803 2174 ordine
841 2120 975 2185 alio,
1009 2139 1175 2192 quam
1203 2139 1318 2193 quo
1350 2137 1508 2175 antea
1540 2116 1708 2191 scrip-

339 2197 507 2252 seram
544 2237 556 2261 ‚
606 2215 777 2250 numo
831 2193 1131 2270 insculptae
1189 2196 1337 2261 fint3
1385 2196 1452 2250 fic
1519 2210 1705 2249 tamen

340 2275 671 2338 collocataS,
713 2270 983 2344 lectasque
1024 2273 1277 2346 oportuit
1311 2289 1324 2323 ε
1364 2271 1471 2327 fuit
1522 2286 1708 2325 autem

338 2366 401 2405 E.
454 2347 597 2403 infra
650 2364 698 2405 Β.
751 2347 1022 2421 politum,
1074 2349 1202 2422 quia
1254 2353 1323 2418 τῷ
1368 2365 1429 2405 Ε.
1484 2348 1587 2402 alia
1637 2347 1708 2401 li·-

337 2441 493 2490 tera,
532 2444 674 2498 quae
724 2424 923 2478 adtrita
986 2425 1100 2490 est,
1145 2445 1173 2478 a
1231 2440 1388 2495 tergo
1447 2423 1556 2478 fuit
1611 2420 1707 2476 ad·
1855 2425 1856 2444 ¹

337 2520 514 2571 nexa,
563 2519 705 2576 quae
737 2540 753 2566 ‚
811 2515 1084 2575 quantum
1147 2500 1469 2574 dignoscere
1522 2499 1648 2554 licet
1689 2540 1705 2568 ‚
1847 2445 1856 2647 Α

1302 2592 1310 2597 ·
1567 2589 1684 2628 ciat
