1856 2901
399 163 464 231 38
659 171 1144 214 ANIMADVERS.
1185 175 1258 214 IN
1299 173 1452 215 νεῖ.

320 271 377 323 in
413 268 749 344 Peloponeso
783 271 909 325 urbs
943 312 956 338 ,
1005 290 1130 325 cum
1171 271 1451 344 Epidauro
1482 309 1496 336 ‚
1538 266 1680 323 eius-

320 347 443 401 dem
484 348 767 418 Argolidis
797 345 958 410 urbe,
988 346 1242 418 singulari
1280 348 1522 418 quodam
1557 347 1679 400 vin-

317 424 447 477 culo
488 424 912 494 constringitur.
953 423 1199 478 Viciniac
1235 423 1403 476 titulo
1438 423 1679 496 primum

321 497 566 552 obnoxia
600 500 668 552 est
698 499 1002 572 Epidaurus
1031 503 1187 571 Argo
1220 520 1235 564 ,·
1279 514 1618 572 quapropter
1648 517 1676 550 a

318 575 598 649 Stephano
625 576 697 628 ita
729 590 1065 629 memoratur
1088 593 1097 626 :
1144 576 1393 643 Ετι-ίὸκυρος
1420 578 1549 628 πόλις
1576 575 1681 640 api,-

316 656 386 720 τῷ
406 664 544 719 Αργει
567 694 578 707 .
619 652 906 725 Epidaurus
936 652 1049 705 urbs
1075 668 1228 725 prope
1258 656 1425 723 Argos
1456 693 1468 705 .
1508 649 1683 703 Dein-

314 726 381 780 de
420 728 554 780 olim
605 728 823 797 Argivis
872 725 1134 799 parebant
1182 724 1464 798 Epidaurii
1500 766 1511 792 ‚
1554 724 1680 778 teste

315 801 570 874 Pausania
610 803 838 856 Corinth.
870 807 990 873 Cap.
1028 808 1111 854 26.
1151 805 1404 867 Δηιφόντης
1434 801 1483 853 δὲ
1512 844 1525 868 ,
1570 809 1606 871 xj,
1642 800 1687 853 οἱ

318 880 513 945 Αργεῖοι
541 878 618 936 τήν
634 877 889 943 Επίὸαυρον
925 879 1061 945 ἔσχον
1086 914 1098 928 .
1136 877 1475 950 Deiphontes,
1506 893 1558 929 et
1587 881 1689 929 Ar-

306 955 433 1024 givi
465 950 775 1026 Epidaurum
821 952 1147 1006 obtinuerant
1171 994 1184 1007 .
1246 952 1688 1024 Denique'Con-

316 1026 563 1081 dirorum
595 1045 823 1100 quoque
853 1027 1138 1082 anstiffimo
1161 1028 1387 1082 vinculo
1417 1028 1518 1081 hae
1544 1027 1684 1081 duae

312 1099 475 1157 urbes
523 1101 1006 1173 obstringebantur
1047 1124 1062 1169 3
1120 1102 1176 1156 id
1225 1102 1381 1176 quod
1426 1101 1686 1157 rursum-2

312 1177 592 1252 Pausanias
631 1179 798 1232 eodem
838 1181 942 1234 loco
987 1177 1277 1253 perhibet:
1334 1191 1400 1232 Ην
1443 1180 1685 1249 Ετιὸάυρῳ

312 1257 462 1322 πατὴρ
487 1267 668 1324 Αργος,
698 1256 719 1307 o‘
749 1253 854 1308 Διός
877 1298 889 1312 .
925 1257 1189 1323 Ἐπιδαύριοι
1226 1255 1276 1307 δὲ
1294 1258 1539 1309 Απόλλωνι
1561 1258 1687 1308 Επί-

313 1330 470 1398 ὃαυρον
519 1329 670 1384 πᾶιὸοι
716 1337 1040 1398 προσποιὲσιν.
1083 1332 1341 1405 Epidauro
1373 1348 1527 1405 pater
1569 1346 1684 1384 erat

311 1410 517 1479 Argus,
548 1407 694 1461 lovis
709 1407 863 1477 filius
884 1431 899 1461 .·
947 1407 1219 1481 Epidaurii
1247 1423 1414 1461 tamen
1445 1407 1683 1480 Apollini

310 1482 623 1556 Epidaurum
649 1482 830 1551 filium
867 1483 1099 1535 tribuunt
1121 1523 1135 1537 .

423 1561 613 1630 Atque
651 1555 800 1629 apud
840 1557 1079 1627 Argivos
1121 1574 1350 1630 quoque
1395 1552 1676 1612 vetustiffi-

311 1651 432 1687 mus
475 1647 588 1687 erat
628 1630 905 1704 Apollinis
953 1633 1178 1698 cultus,
1221 1650 1393 1704 quem*
1440 1634 1677 1699 Λύκαιον,

310 1712 559 1783 Lupinum
586 1705 991 1780 compellabant
1021 1728 1037 1771 ,·
1073 1723 1362 1780 propterea
1400 1707 1555 1780 quod
1578 1749 1591 1774 ,
1626 1723 1688 1762 ut

307 1783 591 1856 Pausanias
632 1798 846 1837 enarrat
877 1824 892 1850 ,
934 1782 1171 1838 infestati
1210 1802 1239 1836 a
1276 1783 1420 1855 lupis
1453 1785 1684 1854 Argivi,

310 1860 540 1913 oraculo
561 1859 840 1933 Apollinis
870 1858 1046 1914 edoffi
1075 1898 1089 1924 ,
1133 1858 1366 1932 stipitem
1385 1899 1399 1924 ‚
1442 1859 1690 1930 defigna-

310 1951 371 1989 to
393 1934 523 1990 loco
550 1935 834 1990 inventum
853 1977 867 2003 ,
900 1937 1106 1990 cortice
1127 1935 1378 1989 exuerint
1400 1974 1414 2000 ‚
1448 1954 1689 2009 eumque

312 2010 575 2066 corticem
609 2052 623 2078 ,
659 2011 913 2067 carnibus
956 2011 1208 2066 intritum
1241 2052 1254 2077 ,
1286 2012 1431 2086 lupis
1467 2009 1686 2067 escam-2

311 2085 711 2161 exposuerint3
751 2109 861 2162 qua
903 2086 1172 2156 delibata,
1205 2088 1323 2161 lupi
1366 2105 1553 2142 omnes
1596 2107 1692 2162 pe-

310 2164 545 2218 rierint:
589 2165 823 2239 stipitem
861 2184 992 2219 vero
1036 2166 1330 2219 memoriae
1377 2161 1535 2219 causa
1571 2203 1584 2229 ,
1631 2165 1690 2217 in

313 2240 595 2314 Apollinis
614 2281 628 2308 ,
664 2260 829 2314 quern
848 2244 1052 2295 Λύκαιον
1079 2240 1296 2306 dixere,
1334 2242 1568 2315 Templo
1591 2242 1692 2294 sta-

317 2316 571 2373 tuerint.'
631 2318 771 2392 Lupi
828 2334 994 2393 caput
1031 2361 1046 2386 ‚
1089 2319 1147 2372 in
1197 2334 1418 2372 moneta
1469 2318 1690 2384 nostra,

313 2390 543 2465 aliisque
572 2391 840 2464 lignatum
860 2435 873 2460 ,
910 2396 1057 2450 hunc
1081 2395 1400 2469 Apollinem
1430 2392 1685 2460 indicat3

315 2468 474 2543 quod
505 2469 731 2544 quidem
768 2473 976 2531 iam'est
1015 2470 1083 2529 ab
1115 2472 1231 2529 aliis
1265 2469 1645 2599 observatuff.
