1856 2901
388 180 497 242 156
621 175 696 224 IN
735 180 1071 224 GRAECAM
1108 181 1508 225 AsrAricAM

307 281 886 339 nornine-vocabatur
917 321 933 348 ‚
975 282 1034 334 in
1080 296 1285 355 quarto
1334 279 1490 337 versu
1548 300 1664 337 non

308 359 521 428 aliud,
557 378 726 432 quam
777 356 892 411 duo
957 357 1062 412 alia
1119 355 1345 412 Ofiridis
1409 360 1670 413 nomina..

308 437 393 492 vel
447 436 687 511 epitheta
750 434 1108 488 continentur
1143 453 1162 500 ς
1224 454 1285 489 ac
1353 433 1669 509 praesertim

309 510 466 587 quod
517 513 678 584 Osiris
720 507 831 582 ipse
880 512 1093 587 Serapis
1136 526 1279 567 erat.
1318 512 1464 566 Hinc
1509 512 1675 565 initio

309 589 493 662 quarti
530 583 684 642 versu
717 602 830 638 non
865 596 1188 651 ΟΥΡΑΝΟΣ,
1212 585 1304 641 sed
1327 598 1670 653 ΚΟΙΡΑΝΟΣ,

305 661 600 735 legendum
647 659 887 717 arbitror
918 681 934 728 3
971 677 1033 716 ut
1072 659 1251 716 sensus
1280 662 1365 728 fit,
1403 663 1560 737 quod
1598 684 1679 718 ‘u-

306 759 409 794 nus
448 737 703 811 idemque
730 736 895 793 Ofiris
942 754 1062 793 tum
1111 742 1301 813 Iupiter
1347 741 1632 795 Saturnius
1661 778 1679 806 ‚

308 833 430 870 tum
458 836 727 888 *magnum
761 813 1038 891 potensque
1091 820 1299 869 Ammon
1327 854 1342 880 ‚
1393 830 1513 870 tum
1561 821 1679 871 Rex·

306 893 668 947 immortalium
697 931 710 956 ‚
753 906 870 945 tum
927 896 1139 965 Serapis
1184 892 1346 944 etiam
1399 888 1529 958 effe,
1578 911 1681 948 vo-

311 969 537 1040 carique
589 965 811 1022 debuit.
853 969 1100 1022 Maxima
1146 965 1323 1021 solum
1366 966 1676 1023 obscuritas

310 1060 479 1118 atque
527 1045 853 1118 perplexitas
904 1046 959 1097 in
1001 1045 1303 1115 penultima
1351 1063 1485 1099 voce
1521 1063 1680 1119 repe-

307 1122 451 1176 ritur
480 1160 493 1186 ,
542 1123 600 1174 in
644 1140 755 1192 qua
804 1120 1090 1174 Bimardus
1141 1122 1345 1193 legerat
1393 1131 1685 1174 ΠΡΟΤΕ-

307 1207 452 1253 PON
510 1206 815 1250 ΗΤΑΙΣΕ
854 1216 870 1262 3
914 1197 1196 1263 BohniuS,
1231 1216 1291 1251 ac
1344 1196 1683 1251 Froelichius

309 1282 696 1329 ΠΡΟΤΕΠΜ
718 1282 1025 1327 ΝΗΤΑΙΣ
1048 1285 1078 1327 E
1103 1294 1118 1338 3
1181 1274 1477 1327 Marmoris
1538 1290 1678 1345 apo-

311 1347 587 1423 graphum
632 1360 1344 1404 ΠΡΟΤΕΠΝΗΤΑΙΣΕ.
1382 1351 1503 1419 Ego
1549 1366 1682 1403 vero

309 1425 565 1478 mutilam
612 1425 975 1498 vitiatamque
1032 1443 1223 1480 vocem
1268 1427 1343 1478 ita
1405 1421 1684 1494 refingen-

310 1501 437 1555 dam
486 1499 727 1554 arbitror
758 1538 772 1562 ‚
817 1514 879 1551 ut
927 1498 1021 1550 illa
1064 1515 1269 1570 purum
1321 1512 1678 1571 putumque,

310 1574 580 1649 Serapidis
627 1571 959 1627 attributum
989 1611 1003 1637 ,
1040 1575 1124 1628 vel
1168 1572 1453 1647 epitheton
1502 1575 1687 1629 conti-

312 1668 470 1706 neat.
509 1654 704 1722 Itaque
756 1648 1104 1723 superstitum
1149 1650 1518 1706 char-aiterum
1566 1649 1684 1704 for·

312 1747 456 1783 mam
497 1724 790 1801 sequutus,
821 1745 924 1800 pro
964 1736 1683 1793 ΠΡΟΤΕΠΝΗΤΑΙΣΕ,

312 1804 540 1877 legerim
613 1812 1360 1859 HPOTENNHTQPTE.
1412 1804 1679 1858 Etenim-2

315 1879 474 1935 facile
512 1881 570 1932 in
599 1877 759 1933 exesis
789 1877 1134 1952 praesertim,
1166 1877 1483 1953 vitiatisque
1529 1882 1685 1932 Mar-

317 1954 610 2021 mor-ibu8,.
638 1971 676 2009 N
730 1974 856 2010 cum
901 1967 944 2012 Π
971 1997 985 2022 ,
1022 1958 1267 2030 itemque
1312 1967 1356 2008 Ω
1409 1973 1538 2010 curn
1603 1969 1684 2022 A,

315 2049 368 2088 et
421 2049 450 2088 Ρ
495 2050 621 2086 curn
668 2045 688 2082 1
724 2031 996 2087 confundi
1045 2047 1303 2106 poterat,
1368 2046 1429 2084 ut
1471 2029 1685 2086 sexcen-

324 2111 393 2165 tis
450 2107 714 2181 exemplis
774 2108 891 2162 aliis
952 2107 1159 2162 ostendi
1228 2107 1402 2182 potest
1427 2149 1440 2162 .
1493 2108 1685 2176 Qin„

324 2186 490 2240 etiam
556 2202 732 2257 quum
776 2202 841 2238 ex
896 2183 1162 2256 ambiguo
1211 2181 1684 2256 promiscuoque,

322 2260 503 2327 son0,r
539 2261 858 2315 charaueris
895 2277 933 2315 H
965 2301 978 2328 ‚
1012 2277 1063 2315 et
1113 2259 1451 2336 diphthongi
1493 2276 1565 2313 Al
1603 2257 1683 2313 fa-

323 2339 426 2393 cile
463 2357 492 2392 a
533 2337 894 2410 quadratario
933 2353 1008 2392 AI
1053 2356 1156 2412 pro
1208 2355 1244 2392 H
1291 2335 1540 2391 substitui
1581 2353 1686 2409 po-

326 2413 538 2481 tuerit;
584 2411 931 2470 scribendum
997 2411 1217 2469 fortaffe
1272 2412 1452 2467 fuerat
1509 2423 1686 2467 ΠΡΟ-

327 2501 940 2549 ΤΕΝΝΗΤΗΣΤΕ.
984 2491 1140 2549 Nihil
1194 2491 1267 2550 est
1314 2491 1480 2621 enims
1514 2485 1682 2618 lquod

1478 2583 1509 2634 y
1555 2582 1611 2618 a·
