1856 2901
517 143 783 185 NVMOS
847 140 1154 183 VRBIVM
1388 149 1455 199 57

158 242 301 296 riore
331 243 496 316 plano
524 241 709 297 visitur
745 247 827 298 X.
862 241 1023 294 decem
1052 239 1209 293 libras
1245 239 1528 295 indicans:

159 316 385 371 inferius
405 334 416 368 ;
439 333 663 372 LEGIONI
681 360 693 373 .
718 331 977 370 ITAttcAE
1007 329 1263 368 PONDERA
1283 357 1295 370 .
1314 331 1528 369 EXAMr-

161 407 349 450 NATA.
376 408 491 449 SIG.
535 395 662 445 Eius
716 389 1007 462 descriptio
1070 391 1315 458 integra,
1349 409 1531 461 quum

160 468 267 520 iam
298 467 356 522 fit
394 487 423 521 a
464 465 831 522 Celeberrimo
852 466 1138 519 Marchione
1162 467 1374 538 Maffeio
1412 466 1529 536 post

164 545 417 617 Epistolas
475 543 535 594 de
578 539 993 612 Antiquitatibus
1030 539 1239 594 Galliae
1280 539 1528 592 exhibita

149 636 269 690 pag.
311 623 428 684 189.
467 633 579 667 non
618 616 914 687 repetitur.
961 608 1179 668 Pondus
1216 614 1333 674 *hoc
1384 615 1525 683 mihi

158 690 670 763 contemplandum,
705 706 757 744 et
794 689 1244 744 contre&andum
1302 689 1529 743 indulsit

156 766 471 822 Perillustris
511 805 525 832 ‚
556 781 721 837 atque
770 763 1164 819 Eruditiffimus
1211 764 1530 819 Bibliothe-

157 861 247 896 cae
278 847 421 913 Aug.
440 839 649 896 Praeses
681 843 955 895 Dominus
991 839 1056 893 de
1088 842 1317 894 Garellis
1337 841 1518 896 ,Idem

156 918 374 972 Pondus
426 917 532 971 hoc
564 956 577 982 ‚
628 932 680 969 et
729 915 906 971 Assem
966 920 1279 971 Romanum
1347 918 1527 971 maxi-

157 1012 308 1047 mum
363 993 581 1048 Cimelii
635 990 716 1046 sui
765 993 834 1046 ad
875 990 1063 1046 usitata
1112 993 1357 1047 Viennae
1405 996 1528 1046 Au-

155 1069 306 1124 striae
344 1068 581 1141 pondera
617 1069 973 1130 examinavit,
1009 1083 1178 1139 atque
1214 1068 1527 1140 deprehen-

156 1144 237 1197 dit
301 1144 516 1217 pondus
571 1143 709 1197 illud
755 1143 1014 1215 Legionis
1063 1143 1284 1196 Italicae
1333 1148 1521 1196 exacte

157 1219 340 1273 decem
386 1219 545 1274 libras
582 1221 831 1291 vulgares
860 1260 873 1286 ‚
910 1215 1111 1293 quibus
1142 1219 1197 1271 in
1249 1217 1524 1290 mercibus

155 1295 523 1369 ponderandis
566 1295 717 1355 isthic
759 1298 998 1360 utimur,
1033 1293 1374 1368 appendere:
1420 1291 1525 1348 As-

158 1371 265 1427 sem
313 1390 442 1426 vero
490 1374 645 1427 illum
703 1370 899 1427 libram
950 1369 1526 1444 pharmacopolarum

156 1448 505 1513 nostratium,
534 1466 700 1520 quam
727 1448 818 1521 ipfi
850 1447 1044 1502 libram
1078 1451 1389 1503 Romanam
1430 1465 1533 1499 vo-

158 1538 313 1587 cant,
340 1542 668 1596 exaequare.
711 1526 755 1576 E
803 1522 1038 1594 quibus,
1070 1542 1245 1594 quum
1293 1524 1536 1576 alterum

158 1598 225 1653 ab
276 1599 448 1652 altero
509 1596 951 1671 comprobetur3
1002 1596 1346 1651 manifestum
1409 1596 1469 1651 fit
1511 1637 1528 1663 ‚

156 1673 350 1729 habere
392 1692 490 1726 nos
536 1675 837 1728 etiamnum
891 1673 1132 1747 pondera
1170 1714 1183 1737 ,
1237 1693 1264 1727 a
1316 1678 1529 1729 Roma-

157 1768 358 1803 norum
409 1749 616 1822 duplici
671 1748 807 1804 libra
844 1789 857 1814 ,
903 1749 1040 1802 nihil
1096 1747 1305 1802 diversa
1343 1768 1353 1800 2
1395 1768 1537 1821 qua-

154 1845 279 1880 rum
315 1826 538 1880 alteram
565 1829 783 1881 Veteres
818 1823 887 1879 ad
929 1822 1358 1897 compensandas
1389 1843 1533 1877 mer·

156 1921 283 1967 ces;
331 1902 554 1956 alteram
599 1901 667 1955 ad
717 1901 1082 1956 Monetariam
1127 1903 1268 1954 Rem
1295 1941 1309 1966 ,
1345 1898 1536 1954 saltem

161 1995 341 2032 aream
386 1976 836 2042 examinandam,
878 1975 1251 2031 adhibuerunt
1288 2018 1301 2031 .

275 2055 375 2108 His
425 2073 529 2125 ego
578 2054 923 2109 documentis
974 2052 1176 2115 fretUS,
1216 2050 1398 2116 Affes,
1443 2055 1536 2105 Se-

161 2127 365 2196 miffeS,
416 2131 694 2194 Trientes,
729 2128 1075 2201 Qiadrantes
1128 2144 1229 2182 etc.
1267 2127 1334 2181 ad
1371 2127 1541 2200 phar-

160 2206 574 2279 macopolarum
627 2207 937 2260 nostrorum
986 2204 1186 2258 libram
1235 2204 1473 2276 expendi
1511 2226 1535 2270 ;

160 2297 329 2353 atque
391 2281 776 2356 deprehendi,
838 2283 1204 2336 mutationem
1269 2279 1532 2354 ponderis

163 2375 280 2410 non
340 2357 488 2411 illico
548 2379 577 2413 a
632 2358 769 2413 libra
825 2357 893 2412 ad
951 2356 1250 2411 sextantem
1302 2361 1324 2423 (
1378 2353 1537 2424 quod

165 2430 346 2507 ipsum
393 2433 634 2509 politicis
673 2455 740 2491 ex
783 2432 1129 2502 rationibUS,
1153 2434 1246 2491 vix
1280 2427 1541 2558 cregibile

1310 2525 1366 2564 vl
1409 2524 1462 2560 e.-
