1856 2901
383 177 445 214 22
605 171 1105 214 ANIMADVERS.
1145 171 1217 211 IN
1258 168 1403 212 VET.

304 270 568 327 Existimo
622 286 802 324 tamen
851 271 1205 343 Cauloniapas
1243 307 1258 335 -‚
1304 268 1458 341 quod
1512 279 1660 321 nunc

304 350 563 418 inquito,
604 363 713 400 tam
756 344 1064 418 ingeniosos
1104 346 1193 401 vix
1237 343 1419 412 fuisse,
1457 361 1515 399 ut
1551 343 1659 396 huc

304 424 627 498 respicerent
660 465 673 477 .

423 497 763 553 Docffiffimus
815 500 1091 568 Begeru3‚
1134 513 1259 550 cum
1308 494 1657 549 Achaeorum

306 575 491 630 coloni
527 573 732 627 fuerint
765 574 1230 637 Cauloniatae,et
1263 570 1317 624 id
1347 591 1373 624 e
1398 569 1660 625 Strabone

308 657 545 718 constet,
584 649 729 723 apud
773 650 1017 702 Achaeos
1062 646 1267 701 celebre
1311 649 1453 701 Iovis
1497 650 1664 701 Tem-

302 728 457 800 plum
486 765 499 792 ,
540 726 856 798 frequentes
905 726 1033 777 item
1076 742 1259 778 cervos
1312 721 1499 789 fuisse,
1545 741 1663 775 eru-

306 803 419 856 dite
456 803 680 856 coniicit
713 839 726 863 ,
764 801 893 853 hacc
929 797 1026 852 effe
1065 801 1265 853 vetusta
1313 799 1664 852 Achaeorum

303 877 449 950 figna
497 897 525 930 a
562 877 905 931 Cauloniaris
940 877 994 927 in
1039 874 1411 929 Conditorum
1454 892 1663 930 memo-

302 956 439 1009 riam
480 949 744 1025 assumpta
775 993 787 1007 .
832 955 963 1005 Non
1005 969 1070 1003 eo
1116 949 1320 1005 inficias
1350 991 1362 1016 ,
1395 950 1461 1004 ad
1508 953 1666 1002 Con-

303 1029 549 1084 ditorum
591 1047 818 1101 quoque
858 1025 1103 1097 symbola
1131 1025 1366 1081 adlufiss'e
1404 1026 1484 1080 his
1524 1025 1665 1096 figu-

300 1107 370 1160 ris
417 1104 772 1160 Cauloniatas
805 1128 826 1171 ,·
874 1105 962 1157 vix
1013 1118 1190 1157 tamen
1238 1144 1252 1168 ,
1300 1103 1455 1176 quod
1509 1101 1661 1155 domi

301 1179 578 1254 suppetit,
629 1179 761 1233 foris
798 1177 896 1233 esse
939 1179 1312 1252 quaerendum
1362 1178 1494 1232 mihi
1542 1197 1666 1252 per-

302 1255 507 1311 suadeo
546 1296 560 1311 .
596 1296 602 1304 -

415 1334 535 1405 Itaq
549 1350 612 1384 ue
645 1333 788 1386 Iovis
820 1329 994 1403 figura
1025 1330 1251 1386 indicati
1281 1329 1444 1385 credo
1467 1335 1488 1398 (
1510 1323 1665 1403 quod

302 1408 421 1482 post
469 1407 755 1462 Goltzium
788 1451 802 1476 ‚
855 1409 1016 1462 etiam
1060 1406 1242 1462 obiter
1293 1408 1510 1460 monuit
1565 1410 1665 1458 Be-

303 1498 467 1555 gerus
501 1490 522 1551 )
561 1484 773 1537 cultum
831 1485 973 1538 Iovis
1018 1487 1195 1550 Ομορίε
1222 1524 1236 1549 ,
1276 1482 1423 1554 quafi
1472 1481 1617 1534 dicas
1650 1500 1665 1534 .-

303 1561 562 1630 Confinis,
583 1557 669 1612 seu
701 1561 903 1612 Finium
936 1561 1230 1612 Tutatoris.
1257 1559 1490 1610 Homorii
1522 1556 1668 1611 enim

297 1636 442 1690 Iovis
496 1632 702 1689 celebre
743 1634 1035 1707 Templum
1075 1653 1103 1686 a
1135 1632 1478 1688 Cauloniatis
1501 1673 1513 1698 ‚
1549 1631 1668 1687 foe-

296 1708 606 1784 deratisque
621 1710 845 1782 populis
876 1710 1243 1763 constl·u6}um
1274 1705 1404 1774 esse,
1428 1709 1661 1788 Polybius

301 1786 411 1840 Lib.
465 1789 531 1841 II.
575 1784 857 1858 perhibet.-
893 1783 1053 1840 verba
1096 1785 1258 1839 etiam
1306 1784 1522 1838 Barrius
1562 1782 1667 1838 alia

302 1858 581 1915 occafione
612 1860 744 1927 (etfi
777 1862 834 1914 in
873 1860 1116 1915 editione
1167 1862 1499 1916 Graevianae
1532 1861 1667 1915 Col-

297 1937 544 1992 lefflonl‘s
590 1937 728 1991 male
775 1939 1071 2006 Aristotelis
1121 1939 1227 1993 Lib.
1277 1942 1345 1993 ΙΙ.
1395 1938 1502 1991 Pol.
1536 1937 1664 1991 loco

298 2013 495 2092 Polybii
543 2011 850 2067 adducatur
884 2014 1175 2067 amstoritas
1214 2018 1234 2081 )
1273 2015 1347 2067 ita
1397 2013 1664 2086 protulit:

301 2089 568 2161 Siquidem
605 2093 965 2155 Crotoniatae,
988 2089 1249 2147 Sibaritae
1272 2121 1284 2145 ›
1304 2091 1666 2156 Cauloniam&

302 2167 582 2238 compositis
633 2171 771 2218 inter
809 2166 866 2239 J}
917 2170 1224 2221 unanimiter
1275 2167 1459 2229 rebus,
1502 2169 1665 2239 primo

305 2244 507 2293 Omenii
539 2241 877 2313 (legendum
913 2245 1145 2296 Homorii
1175 2247 1196 2309 )
1227 2246 1373 2297 Iovis
1407 2242 1666 2314 Templum

292 2315 489 2391 publice
542 2322 938 2387 constituerunt,
975 2318 1056 2372 ubi
1113 2335 1167 2372 et
1237 2322 1487 2372 conciones
1513 2318 1663 2388 fieri,

305 2409 359 2447 et
393 2413 501 2446 cum
536 2396 718 2468 populo
746 2400 838 2467 agi
875 2396 1066 2469 posset.

417 2471 727 2527 Cervorum
759 2473 960 2545 figuras
993 2471 1062 2526 ad
1086 2490 1374 2529 cervorum
1405 2469 1665 2541 frequen·

1424 2563 1588 2612 tlam,
