1856 2901
456 180 715 221 NVMOS
766 178 1066 221 VRBIVM
1254 188 1351 225 111

83 281 397 356 propriam,
447 294 500 333 et
542 275 1028 353 septentrionalem
1072 296 1299 351 quoque
1342 283 1436 334 in‘

86 356 258 426 telligi
309 353 501 410 debere
532 395 545 418 ,
580 372 741 407 nemo
791 369 904 405 non
943 351 1117 408 videt.
1168 357 1297 408 Dio,
1329 357 1434 408 Lib.

81 433 346 488 XXXVII.
389 432 675 495 Constituta,
721 430 874 501 Syria
906 469 920 493 ,
970 445 1124 497 atque
1168 430 1433 492 Phoenice,

81 503 333 577 adversus
392 508 602 559 Aretam
667 502 957 573 Pompeius
1007 503 1064 574 se
1120 507 1382 558 convertit
1415 543 1429 558 .

81 582 164 634 En
228 581 295 635 de
342 577 633 635 Phoenicia,
691 579 1100 642 testimonium,
1148 579 1205 630 in
1273 580 1429 631 cuius

79 658 312 711 maxime
361 652 571 708 Boreali
623 670 776 726 parte
828 651 920 707 fita
966 669 1078 707 erat
1139 653 1382 725 Tripolis
1417 694 1439 710 .

81 738 268 804 Atque
311 728 441 785 haec
479 748 507 781 a
539 729 803 803 Pompeio
839 728 980 800 gesta
1026 727 1150 782 sunt
1188 729 1245 780 in
1276 728 1428 795 Syria

82 825 227 861 anno
272 807 338 861 V.
375 806 456 858 C.
502 811 629 872 691.
674 825 704 859 a
754 822 871 878 quo
920 809 1068 861 Aera
1101 804 1432 877 Pompeiana

84 881 304 936 initium
357 877 517 935 sumit
545 920 559 936 .

231 959 402 1011 Porro
455 969 639 1010 autem
677 953 743 1009 de
798 951 911 1028 ipsa
965 973 1193 1028 quoque
1236 954 1429 1026 Tripo-

79 1032 248 1089 litana
303 1029 435 1084 urbe
486 1030 739 1102 egregie,
780 1029 1035 1100 fingulari
1080 1031 1302 1086 conlato
1348 1027 1440 1082 be-

80 1104 278 1161 neficio
313 1146 326 1172 ,
380 1108 603 1161 meritus
653 1107 723 1159 est
773 1106 1062 1178 Pompeius
1100 1146 1111 1170 ,
1155 1106 1256 1176 qui
1313 1105 1438 1157 Tri-

82 1182 356 1257 politanae
400 1180 547 1235 urbis
578 1185 930 1250 Tyrannum,
964 1180 1295 1249 Dionysium¹
1327 1183 1437 1247 Ty-

87 1259 228 1313 rium
260 1297 274 1323 ,
300 1259 477 1330 capite
525 1256 866 1330 plefflendum
912 1252 1153 1320 curavit,
1203 1257 1282 1309 uti
1324 1255 1440 1310 col-

90 1334 285 1404 ligitur
336 1351 399 1386 ex
451 1334 644 1388 Flavio
688 1331 881 1406 Iosepho
916 1332 1038 1387 Lib.
1076 1334 1225 1386 XVI.
1274 1334 1438 1403 antiq.

93 1414 229 1481 Cap.
287 1427 333 1477 5.
380 1411 507 1475 Qa
552 1407 857 1473 occasione,
892 1409 1031 1463 circa
1065 1425 1267 1461 annum
1315 1415 1441 1473 691.

92 1484 449 1556 Tripolitanis
516 1498 611 1535 aut
662 1487 996 1548 Αυτονομίων,
1054 1498 1148 1535 aut
1199 1483 1301 1536 alia
1361 1480 1440 1536 sa·

92 1557 269 1612 lubria
306 1559 579 1621 instituta,
619 1577 649 1611 a
697 1558 965 1630 Pompeio
1003 1557 1280 1632 impertita
1338 1553 1439 1612 esse

91 1635 337 1691 existimo
362 1674 376 1692 .
852 1633 855 1635 ’

236 1713 370 1762 Sane
427 1706 596 1763 Card.
645 1707 879 1778 Norifius
932 1706 992 1759 de
1053 1708 1240 1781 Epoch.
1312 1708 1443 1782 Syro.

85 1784 295 1840 Maced.
335 1802 400 1838 ex.
460 1783 640 1836 numis
687 1783 868 1845 iuxta,
905 1797 1070 1853 atque
1100 1801 1164 1835 ex
1202 1782 1442 1859 Eutropii

89 1859 204 1914 Lib.
240 1861 340 1914 VI.
387 1873 438 1913 et
470 1856 805 1914 ColleHcmeis
854 1859 1110 1935 Porphyrii
1145 1857 1281 1931 apud·
1313 1859 1440 1910 Sca·

92 1936 309 2005 ligerum
356 1934 717 1988 commonstat
749 1972 763 1997 ,
815 1933 1170 1987 Antiochiam
1206 1973 1219 1996 ,
1261 1932 1442 1987 Seleu-

91 2011 229 2064 ciam
259 2046 273 2071 ,
321 2024 373 2063 et
423 2008 783 2074 Laodiceam,
831 2009 1012 2077 Syriae
1059 2010 1343 2082 propriae,
1384 2021 1438 2059 et

92 2085 550 2158 septentrionales.
589 2082 746 2138 urbes
776 2123 791 2148 ,
837 2090 1154 2151 Αυτοωμίαυ,
1185 2099 1249 2137 et-
1282 2082 1441 2136 liber·

94 2175 260 2215 tatern
300 2177 423 2214 cum
479 2159 593 2213 aliis
636 2160 818 2227 Syriae
868 2157 1095 2215 urbibus
1143 2155 1442 2232 accepiil'e;

95 2251 261 2308 atque
313 2234 439 2289 inde
486 2252 756 2289 annorum
804 2253 1111 2301 numeros,
1173 2237 1279 2292 aeri
1344 2232 1442 2286 suo

96 2309 485 2381 consignatos,
532 2308 843 2366 deduxisse.
902 2309 1119 2382 Qibus
1182 2308 1438 2365 omnibus

96 2384 330 2458 expensis
360 2424 373 2446 ‚
413 2385 528 2439 iure
574 2386 772 2440 merito
841 2406 946 2458 ego
1003 2405 1231 2460 quoque
1288 2383 1439 2437 nimi

99 2461 264 2522 nostri
304 2461 530 2535 exiguos
580 2479 878 2532 numeros,
940 2460 1184 2538 aliosque
1241 2462 1293 2514 ἑά
1342 2480 1434 2530 &322⁴

1231 2556 1282 2590 53¹

1279 2556 1363 2602 ᾧ)
