1856 2901
413 176 520 223 126
673 177 1177 222 ANIMADVERS.
1215 179 1290 219 IN
1330 178 1480 220 VET.

336 297 590 336 mortuae
639 279 917 336 Corinthii
966 279 1232 351 templum
1279 295 1448 351 prope
1493 278 1701 331 Forum

341 361 720 412 exstruxerunt
748 396 760 420 ‚
792 355 887 409 uti„
916 351 1081 408 refert
1122 351 1408 409 Pausanias
1457 351 1586 410 Lib.
1618 356 1703 408 11.

338 453 476 510 pag.
525 440 594 503 89
622 475 634 488 .
672 432 808 487 edit.
872 430 1123 485 Wechel.

514 583 954 640 NVMISMA
1014 582 1560 640 SECVNDVM.

495 752 564 791 D.
622 752 686 790 N.
759 748 1219 791 MARCIANVS.
1304 750 1359 789 Ρ.
1413 751 1470 790 F.
1538 734 1718 786 AVG4

343 817 605 868 Protome
659 812 970 874 Marciani,
1006 809 1182 882 capite
1226 811 1476 881 galeat05
1524 808 1715 862 dextra

343 889 548 943 hastam
607 886 769 960 supra
824 887 1155 954 humerum,
1203 884 1403 941 finistra
1448 884 1665 941 scutum
1695 922 1712 936 .

494 1055 881 1096 FELICITER
927 1053 1230 1093 NVPTHS
1274 1038 1395 1109 (fic
1434 1042 1490 1105 ).
1530 1033 1711 1091 Infra:

343 1132 515 1171 CON.
570 1132 674 1173 ΟΒ.
721 1117 1032 1172 Marcianus
1075 1130 1127 1169 et
1178 1117 1464 1172 Pulcheria
1515 1113 1712 1167 stantes

344 1192 562 1246 dextras
623 1193 902 1264 iungunt3
947 1190 1155 1257 medius
1198 1194 1368 1247 adstat
1410 1187 1702 1250 Sacerdos,

339 1268 475 1323 stola
513 1265 658 1322 sacra
705 1283 971 1323 ornatus:
1015 1265 1358 1339 fingulorum
1407 1268 1578 1322 trium
1621 1280 1713 1316 ca-

344 1359 447 1419 put
500 1343 718 1398 nimbus
767 1342 970 1400 ambit.

498 1423 719 1473 Aureum
749 1459 763 1485 ,
807 1421 933 1473 mole
965 1417 1132 1491 solita
1173 1422 1344 1476 horum
1397 1434 1670 1492 temporum
1698 1454 1714 1480 ,

343 1492 399 1545 in
445 1496 655 1548 Cimelio
699 1497 894 1548 Perill.
941 1497 1148 1546 Domini
1175 1499 1254 1547 De
1292 1500 1513 1556 France,
1559 1495 1716 1544 Prae-

335 1569 471 1643 fefli
536 1567 896 1640 Thesaurorum
974 1581 1387 1624 THERESIAE
1461 1568 1717 1641 Augustae

349 1647 699 1718 Imperatricis
734 1684 747 1709 ,
803 1660 856 1698 et
922 1646 1184 1715 Reginae.

501 1723 566 1774 In
609 1720 774 1774 huius
818 1719 1159 1773 numismatis
1206 1718 1386 1776 aversa
1420 1735 1577 1795 parte
1611 1735 1715 1772 no-

347 1809 468 1849 tatu
531 1794 698 1867 digna
747 1792 874 1849 sunt
908 1836 921 1863 ‚
964 1797 1224 1851 Formula
1282 1794 1394 1870 ipsa
1428 1838 1441 1864 ,
1503 1796 1715 1852 Ortho-

349 1869 577 1944 graphia
629 1913 642 1937 ,
715 1869 923 1943 figurae
989 1870 1178 1926 Nimbi
1254 1889 1641 1927 ornamentum
1695 1891 1715 1935 3

351 1945 509 2019 quod
573 1944 663 2002 seu
726 1949 794 2001 ad
855 1946 1147 2002 sancffitatis
1195 1987 1207 2012 ,
1260 1950 1344 2004 vel
1422 1948 1711 2003 maiestatis

349 2022 620 2077 indicium
667 2024 936 2097 pertineat
966 2064 980 2090 ‚
1023 2041 1324 2097 utrumque
1362 2024 1533 2098 probe
1580 2042 1715 2078 con-

348 2099 502 2152 venit
571 2101 829 2171 Augustis
894 2116 947 2155 et
1006 2101 1261 2172 virgineis
1336 2114 1715 2156 MARCIANI

348 2190 402 2227 et
450 2190 914 2230 PVLCHERIAE
975 2177 1199 2249 Nuptiis
1237 2216 1250 2241 ‚
1304 2175 1505 2249 quibus
1560 2180 1714 2230 Ana-

347 2249 515 2303 tolius
560 2268 679 2305 tum
727 2270 900 2307 novae
937 2257 1144 2309 Rornae
1183 2253 1495 2308 patriarcha
1538 2251 1697 2307 adsti-

349 2325 464 2380 tiffe
511 2327 729 2382 videtur
759 2371 773 2384 .

475 2406 629 2459 Iuvat
670 2405 799 2460 haec
834 2407 1022 2460 omnia
1064 2408 1308 2460 Zonarae
1350 2403 1526 2462 verbis
1565 2421 1711 2460 com-

347 2478 554 2552 pleeti:
610 2480 871 2556 Theodosio
942 2498 1135 2539 mortuo
1175 2505 1197 2550 ,·
1247 2482 1350 2556 sed
1405 2486 1512 2537 eius
1573 2480 1709 2533 obitu

1458 2574 1634 2632 paucas
