1856 2901
389 163 492 197 100
645 156 1139 200 ANIMADVERS.
1179 159 1250 198 IN
1289 159 1434 201 VET-

459 255 595 310 Satis
649 272 1100 329 argumentorum
1147 274 1232 309 me
1274 252 1510 310 attulisse
1547 258 1662 311 exi-

307 330 466 386 stimo
496 373 510 398 ‚
561 350 657 385 cur
698 339 752 385 τό
788 350 857 388 A.
896 334 952 384 in
1013 329 1230 385 adversa
1276 333 1431 385 numi
1495 333 1664 386 nostri

306 424 459 480 parte
513 404 831 478 signatum,
882 406 1132 461 Archelai
1193 406 1357 476 Regis
1427 426 1665 461 nomen..

306 481 592 547 indicare3
639 499 690 536 et
753 499 915 556 caput
973 482 1340 536 diadematum
1373 521 1386 543 ,
1428 481 1665 537 eiusdem

307 560 471 629 Regis
532 558 746 613 vultum
807 558 1048 624 referre,
1107 555 1410 612 censuerim
1446 600 1459 614 .
1521 559 1666 613 Iovis

309 634 533 706 quidem
590 650 731 687 certe
786 649 949 708 caput
1013 634 1132 687 heic
1182 633 1449 704 fignatum
1512 632 1665 699 effe,

304 727 419 762 non
463 706 625 763 credo
666 749 678 775 ,
717 711 870 784 quod
912 711 1070 764 lauro
1119 709 1356 763 cinctum
1388 749 1403 777 ‚
1441 724 1493 764 et
1538 727 1666 783 pro·

306 785 503 841 lixiore
546 782 710 840 barba
769 784 949 856 effingi
1009 782 1177 841 solet.

409 1012 723 1066 NVMVS
778 1012 1526 1070 CORYCIOTARVM

646 1124 754 1181 ET
810 1126 1350 1181 HERACLEAE

697 1290 1101 1333 TABVLA
1215 1292 1266 1332 V.

307 1465 643 1578 ELaeusae
681 1467 857 1522 vicina
898 1471 1148 1534 Corycus
1178 1466 1299 1520 heic
1343 1464 1437 1519 fibi
1478 1464 1665 1518 locum

438 1543 717 1596 vendicat.
770 1545 1020 1595 Numum
1067 1542 1491 1609 Coryciatarum
1517 1580 1531 1605 ,
1561 1536 1666 1591 fine

307 1618 545 1688 Augusti
591 1617 767 1690 capite
803 1655 817 1682 ,
870 1634 1045 1670 unum
1089 1617 1340 1670 Goltzius
1391 1613 1663 1689 protulit,

305 1692 406 1764 qui
453 1693 635 1747 cistam
687 1691 928 1756 Bacchi,
982 1707 1034 1744 et
1085 1705 1250 1764 caput
1304 1693 1446 1746 Iovis
1511 1688 1664 1743 exhi-

305 1766 399 1821 bet
432 1807 447 1834 ,
486 1787 612 1822 curn
675 1766 1013 1840 epigraphe:
1069 1777 1407 1822 ΚΩΡΥΚΙΩΝ.
1458 1780 1662 1836 atque..

304 1841 455 1896 hunc
498 1861 730 1897 numum
784 1841 852 1895 ad
907 1845 1102 1896 Cretae
1164 1846 1443 1912 Corycum
1504 1840 1663 1893 Golt-

302 1918 418 1972 zius
471 1918 633 1973 refert
664 1961 678 1974 .
731 1918 844 1973 Alii
889 1919 1088 1983 numi,
1141 1916 1239 1972 sub
1296 1917 1557 1989 Augustis
1602 1912 1664 1967 fi-

304 1994 506 2065 gnati,
556 2003 958 2048 ΚΩΡΥΚΙΩΤΩΝ
1000 2035 1014 2050 .
1058 1991 1302 2066 inscripti
1371 1994 1661 2063 leguntur,

302 2068 495 2123 addito
562 2087 967 2141 nonnunquam
1063 2070 1232 2123 titulo
1314 2073 1480 2122 Ασύλε
1535 2107 1549 2133 ,
1611 2079 1663 2117 et

305 2147 598 2214 Ναυάρχιὸος
626 2186 640 2212 ,
685 2144 834 2224 Asyli
880 2148 987 2198 iure
1022 2146 1303 2218 gaudentis
1332 2186 1345 2211 ,
1390 2161 1441 2197 et
1485 2137 1664 2209 Claffi·

301 2241 425 2276 cae.
464 2224 660 2276 Noster
710 2240 938 2294 quoque
986 2239 1186 2274 numus
1232 2227 1664 2273 ΚΩΡΥΚΙΩΤΩΝ.

303 2297 506 2367 gentile
564 2315 767 2350 nomen
822 2297 1087 2369 profert-;
1152 2296 1454 2370 Stephanus
1507 2307 1664 2346 utro-

303 2391 414 2444 que
468 2372 636 2427 modo
691 2372 922 2428 format:
973 2376 1162 2441 Κώρυκος
1207 2376 1335 2427 πέλω
1374 2371 1661 2426 Κιλικίας--

303 2451 359 2502 τὸ
385 2446 569 2504 ἐθνικδν
613 2454 822 2519 Κωρύκιος
863 2488 986 2503 --
1016 2451 1217 2520 λέγεται
1265 2471 1302 2520 ις,
1347 2447 1620 2517 Κωρυκιώτης
1647 2483 1660 2497 .

1494 2523 1590 2586 Cos
