1856 2901
404 221 478 293 74
625 234 1123 278 AN1MADvERS.
1163 237 1235 276 IN
1274 236 1419 280 ver.

328 349 573 389 veteru-m
626 333 912 390 consensus
958 334 1014 386 in
1065 332 1174 387 dies
1211 332 1457 406 pluribus
1503 349 1681 386 exem—

321 410 424 484 plis
489 408 842 476 firmabitur3
892 409 1023 462 dum
1062 450 1074 475 ,
1120 410 1216 480 qui
1266 405 1441 462 libero
1489 410 1674 462 animo

322 501 627 558 quaerant,
681 505 795 541 non
858 484 1055 541 defint.
1101 487 1288 557 Atque
1346 483 1403 536 id
1460 482 1680 557 ipsum

327 579 476 615 nunc
523 579 658 630 ago,

477 638 587 688 Aio
646 637 836 708 itaque
883 676 896 703 ‚
947 637 1002 688 in
1056 635 1163 690 hoc
1214 653 1386 689 numo
1446 633 1681 706 signatos

323 728 494 765 annos
541 710 852 765 referendos
908 709 1006 765 effe
1067 710 1133 764 ad
1188 729 1363 765 aeram
1421 713 1680 780 Regum

318 787 653 853 Bithyniae,
706 806 847 859 quae
914 785 1060 858 apud
1111 786 1484 856 Dofiiffimum
1547 788 1677 857 Spa-

319 861 603 915 nhemium
655 880 802 915 anno
845 865 909 916 V.
962 863 1039 916 C.
1086 870 1212 930 466.
1255 863 1474 916 initium
1531 857 1679 912 sum-

314 933 462 1010 pfiffe
499 975 512 1002 ‚
565 955 629 989 ex
685 938 936 1006 Syncello
982 977 995 1002 ‚
1048 952 1100 990 et
1148 958 1212 991 ex
1269 936 1426 990 obitu
1488 933 1673 988 ultimi

313 1011 636 1066 Nicomedis
693 1011 1091 1086 comprobatur
1139 1050 1151 1066 .
1203 1018 1346 1068 Nam
1405 1010 1677 1091 Syncellus

309 1090 363 1141 in
421 1090 693 1162 Excerptis
755 1088 1049 1160 Etfl‘e’bz'afzis
1099 1091 1362 1162 Scaligeri
1422 1107 1557 1162 pag.
1587 1095 1677 1153 67.

314 1161 680 1231 Bithynorum
740 1167 913 1235 Reges
969 1165 1121 1217 annis
1168 1165 1424 1218 tredecim
1480 1162 1672 1234 supra..

310 1236 576 1291 ducentos
610 1237 943 1311 parmanfiffe
982 1239 1172 1295 docet.
1209 1237 1533 1293 Nicomedes
1570 1255 1673 1310 po-

310 1314 536 1367 stremus
582 1330 712 1367 Vero
760 1335 788 1369 e
831 1317 963 1370 vivis
1018 1315 1227 1369 exceffit
1277 1334 1420 1369 anno
1471 1317 1534 1369 V.
1593 1314 1670 1368 C.

307 1397 436 1457 679.
477 1389 526 1443 Si
576 1390 746 1460 igitur
797 1412 919 1464 213.
968 1392 1096 1444 anni
1140 1391 1429 1444 demantur
1467 1409 1495 1442 a
1545 1396 1671 1455 669.

307 1462 597 1518 habebitur
648 1467 868 1519 initium
918 1485 1070 1519 aerae
1118 1485 1265 1518 anno
1314 1470 1381 1521 V.
1424 1468 1499 1519 C.
1540 1471 1664 1531 466.

306 1558 432 1592 cum
482 1559 590 1611 qua
640 1559 759 1593 aera
810 1557 999 1593 omnes
1037 1557 1311 1593 annorum
1362 1555 1566 1604 notae,
1608 1539 1667 1591 in

306 1615 595 1684 Bithyniae
639 1619 854 1685 Regum
904 1615 1083 1668 numis
1131 1614 1368 1668 detectae
1401 1653 1414 1678 ‚
1455 1613 1668 1686 egregie

306 1691 679 1744 conveniunt:
728 1692 805 1744 uti
843 1689 1097 1745 laudatus
1125 1691 1456 1765 Spanhemius
1487 1690 1666 1742 osten-

303 1765 385 1817 dit
449 1769 592 1817 Tom.
638 1770 690 1820 1.
743 1767 803 1817 de
843 1767 1159 1841 praestatttia
1199 1805 1212 1831 ,
1258 1782 1311 1818 et
1359 1764 1447 1836 usu
1494 1768 1667 1818 Num.

302 1856 425 1895 ant.
470 1839 689 1910 Dzssert.
732 1842 915 1896 VIII.
958 1841 1014 1895 §-
1061 1861 1112 1909 7.

463 1919 576 1969 Iam
617 1933 778 1979 ver0,
816 1933 877 1970 ut
914 1933 1146 1970 numum
1195 1916 1435 1970 nostrum
1459 1954 1473 1979 ,
1507 1914 1668 1968 alios-

308 2009 416 2061 que
465 1990 654 2044 fimiles
683 2033 695 2057 ,
734 1989 801 2044 ab
839 1991 1190 2046 eruditiffimo
1233 1990 1527 2045 Harduino
1573 2008 1665 2042 ex-

305 2063 549 2132 bibims,
586 2065 654 2119 ad
697 2067 838 2120 hanc
876 2085 1051 2121 aeram
1093 2067 1450 2141 pertinentes,
1494 2083 1665 2119 annos

300 2139 555 2194 exhibere
599 2142 910 2210 credamus,
959 2143 1013 2196 id
1058 2140 1181 2196 satis
1219 2141 1382 2196 fuerit
1425 2158 1436 2192 :
1504 2138 1663 2194 urbes

298 2215 418 2268 istas
473 2217 854 2271 Nicomediam
889 2259 902 2284 ,
938 2220 1197 2273 Nicaeam
1232 2259 1244 2284 ,
1300 2216 1661 2286 Bithynium‚

298 2290 366 2343 ad
418 2291 730 2360 Bithyniam
765 2285 908 2348 “tum
951 2312 1137 2349 omnes
1188 2291 1498 2367 pertinuisse
1533 2332 1547 2357 ,
1606 2305 1661 2343 et

297 2365 683 2421 Nicomediam
737 2370 960 2440 quidem
993 2413 1007 2436 ‚
1057 2389 1118 2423 ac
1180 2370 1439 2423 Nicaeam
1469 2407 1484 2432 ,
1545 2367 1659 2420 eius

297 2444 615 2496 Provinciae
682 2447 1010 2518 metropoles
1084 2442 1282 2500 fuisse.
1341 2441 1659 2512 Bithynica..

297 2517 470 2588 igitur
505 2519 729 2593 Epocha
769 2523 1006 2577 maxime
1042 2539 1288 2593 congrua
1322 2537 1494 2596 quum
1551 2515 1611 2571 fit
1639 2555 1659 2586 ,

1415 2609 1584 2670 φνε-
