1856 2901
392 169 466 216 60
621 153 1117 218 AmnADvERS.
1154 177 1229 216 IN
1267 174 1410 218 VET.

314 276 516 330 tentiae
557 271 772 329 abunde
821 271 1039 348 possunt
1072 290 1082 323 :
1112 272 1370 327 Ponderis
1408 271 1537 326 Affis
1567 273 1669 325 im-

311 351 677 406 minutionem
715 369 825 404 non
874 349 1020 403 illico
1054 367 1080 400 e
1123 346 1257 402 libra
1291 347 1358 400 ad
1390 347 1519 402 duas
1560 365 1661 401 un-

311 429 457 492 cias3
511 425 598 480 sed
643 423 827 480 saltem
877 426 1114 498 primum
1160 423 1227 477 ad
1262 422 1482 488 decem;
1513 423 1666 477 dein-

311 503 379 557 de
422 501 488 556 ad
534 498 656 563 sex,
702 501 768 555 ad
819 519 922 554 tres
968 499 1204 572 denique
1251 514 1405 552 antea
1450 501 1662 561 uncia3‚

313 598 480 653 quarn
537 577 602 630 ad
655 576 786 630 duas
847 577 1147 630 institutam
1205 573 1349 629 effe.
1411 574 1581 646 Qiod
1637 572 1671 627 fi

312 656 554 729 plurium
602 654 952 725 antiquarum
986 666 1328 704 monetarum
1353 649 1510 705 Vrbis
1554 653 1672 704 Ro-

312 749 434 785 mae
475 746 699 782 examen
742 729 1015 782 initituere
1063 725 1277 779 Eruditi
1329 726 1606 780 voluerint
1653 744 1670 789 3

319 824 436 860 non
480 803 677 856 dubito
708 844 722 869 ‚
768 804 902 876 quin
946 805 1072 856 alias
1116 820 1343 874 quoque
1385 799 1515 856 Affis
1562 802 1666 855 im-

313 881 684 945 mutationes,
722 894 781 931 et
833 876 1048 932 fortasse
1093 876 1160 931 ad
1204 876 1432 947 singulas
1481 878 1670 930 uncias

314 956 416 1012 sint
462 954 725 1027 reperturi
759 974 774 1019 ‚-
811 952 1276 1026 quemadmodum
1328 954 1433 1014 iam
1481 971 1508 1004 e
1547 953 1670 1024 plu-

311 1031 461 1087 ribus
512 1031 770 1092 monetis,
802 1050 935 1102 quas
967 1030 1084 1084 heic
1129 1047 1241 1082 non
1279 1027 1506 1091 adferO,
1541 1046 1673 1081 con-

314 1111 460 1163 stat:
524 1105 589 1158 de
639 1103 809 1159 tribus
864 1105 931 1160 ad
982 1105 1169 1170 ‘dua3,
1217 1104 1282 1157 de
1332 1101 1542 1157 duabus
1604 1103 1672 1156 ad

316 1200 481 1237 unam
517 1182 765 1244 unciam,
788 1197 839 1234 et
870 1180 1201 1237 semunciam
1239 1178 1475 1252 denique
1493 1177 1671 1233 Assem

319 1257 418 1313 effe
461 1256 804 1311 deminutum
835 1299 848 1313 .

428 1337 599 1387 Porro
643 1349 858 1401 autem,
887 1332 920 1387 fi
955 1330 1164 1388 subtilis
1195 1328 1462 1407 quispiam
1503 1349 1668 1401 argu-

319 1425 465 1464 tator
505 1425 662 1481 neget
694 1450 707 1475 ,
748 1429 812 1463 ex
854 1410 948 1475 iis,
987 1428 1129 1481 quae
1178 1427 1281 1482 pro
1327 1407 1513 1478 regula
1546 1403 1670 1460 ads-

316 1484 513 1558 surnpfi
543 1529 552 1548 ‚
587 1483 918 1557 ponderibus
974 1484 1099 1538 satis
1133 1484 1287 1554 argui
1312 1523 1326 1549 ,
1354 1482 1540 1535 eadem
1568 1478 1673 1535 esse

313 1561 579 1616 Romanis
617 1557 948 1632 ponderibus
997 1558 1229 1611 omnino
1281 1555 1676 1622 consentanea;

320 1637 482 1693 Plinii
557 1651 737 1688 tamen
776 1675 790 1701 ,
860 1649 912 1687 et
977 1633 1106 1687 Festi
1176 1631 1437 1687 sententia
1501 1674 1514 1699 ‚
1574 1630 1676 1687 As-

326 1710 436 1766 sem
501 1710 567 1764 de
627 1709 762 1764 libra
817 1709 886 1763 ad
947 1707 1243 1763 sextantem
1309 1706 1408 1762 eise
1465 1710 1672 1781 prima..

316 1787 706 1841 imminutione
775 1784 1049 1838 redae-tum
1094 1804 1110 1850 3
1181 1790 1493 1839 Numorum
1572 1803 1674 1837 no-

314 1865 547 1919 strorum
593 1881 695 1918 ea.
732 1880 898 1933 quam
960 1862 1098 1914 inter
1157 1859 1207 1915 se
1259 1858 1493 1925 habent,
1531 1871 1674 1934 p'on-

312 1938 454 1993 deris
498 1938 861 2012 proportione
892 1976 904 1999 ,
953 1936 1230 1991 refelletur
1259 1975 1270 1990 .
1323 1939 1366 1990 E
1409 1955 1672 2009 compen·

311 2013 522 2069 satione
560 2015 765 2086 quippe
799 2015 1105 2067 nostrorum
1145 2032 1443 2067 numorum
1491 2028 1671 2088 patet,

312 2089 382 2145 ab
431 2086 544 2143 Affe
601 2091 794 2143 maiori
836 2130 848 2153 ‚
894 2107 1057 2162 quem
1101 2091 1259 2144 attuli
1296 2130 1309 2154 ,
1362 2089 1674 2144 decremen-

308 2183 427 2220 tum
478 2164 733 2239 ponderis
772 2163 1162 2237 deprehensum
1207 2163 1304 2219 effe
1357 2167 1412 2218 in
1457 2170 1673 2221 ratione

305 2242 645 2297 arithmetica
697 2263 777 2296 10.
817 2241 885 2294 ad
945 2251 996 2297 6.
1051 2244 1104 2297 &
1146 2240 1340 2295 deinde
1386 2249 1437 2296 6.
1491 2240 1559 2296 ad
1626 2260 1675 2311 3.

310 2316 721 2390 qualescunque
765 2318 888 2371 illae
932 2335 1107 2391 partes
1143 2316 1265 2373 fint.
1296 2319 1375 2369 Ex
1423 2319 1669 2372 Pliniana

306 2412 439 2448 vero
511 2394 770 2447 relatione
828 2391 1057 2450 habetur
1109 2394 1426 2448 imminutio
1479 2395 1535 2448 in
1587 2410 1673 2444 ra-

305 2471 459 2525 tione
515 2488 598 2526 12.
629 2469 701 2526 ad
745 2491 791 2526 2.
816 2474 1005 2541 Qum
1053 2471 1226 2543 igitur
1256 2469 1670 2539 maiorrutique

1536 2541 1600 2596 fit
