1856 2901
406 187 505 235 108
661 194 1160 236 AmmAnszS.
1196 194 1272 234 IN
1312 193 1459 235 νετ.

331 311 496 368 atque
548 291 684 347 adeo
720 334 732 358 ‚
776 293 807 347 fi
851 292 917 346 ad
970 293 1190 345 initium
1247 296 1422 345 Aerae
1482 286 1680 344 Caesa-

331 372 487 424 riano
519 402 539 411 ·
576 371 926 423 Antonianae
993 388 1114 437 705.
1159 367 1535 437 adiungantur
1605 383 1689 434 23·

327 447 551 518 incipiet
611 464 784 498 annus
832 445 921 496 iste
977 443 1258 514 vigesimus
1321 441 1510 495 tertius
1563 441 1688 494 Tri-

330 524 626 596 politanum
690 523 744 572 in
794 536 1064 573 autumno
1111 520 1239 572 anni
1309 520 1374 572 V.
1430 519 1510 571 C.
1568 534 1689 585 727.

332 616 448 670 quo
499 596 676 650 adhuc
725 597 780 648 in
846 596 978 648 vivis
1027 610 1138 648 erat
1181 593 1488 648 Antonius,

486 670 678 724 Nodus
732 671 850 724 heic
899 670 1034 723 alius
1076 669 1267 723 incidit
1301 711 1313 724 .
1361 671 1504 723 Nam
1561 664 1595 719 fi
1627 683 1693 718 ex

327 763 508 801 mente
559 750 622 801 P.
671 746 938 799 Harduini
993 763 1140 798 anno
1194 749 1258 800 V.
1290 747 1368 800 C.
1412 762 1533 813 705,
1572 741 1689 796 foe-

329 822 430 874 dus
472 841 595 875 cum
643 822 905 876 Romanis
949 821 1189 875 inierunt
1228 820 1564 891 Tripolitae,
1604 831 1688 870 at-

331 917 437 969 que
487 895 552 949 ab
604 915 670 949 eo
726 896 1020 970 supputare
1074 914 1246 950 annos
1318 894 1441 950 suos
1509 891 1684 965 usque

327 975 395 1025 ad
439 973 670 1025 Antonii
719 972 934 1025 obitum
980 987 1321 1046 coeperunt3
1369 969 1504 1043 quid
1546 982 1690 1034 erat,

327 1049 483 1119 quod
538 1049 740 1101 interea
800 1049 1058 1121 temporis
1107 1050 1391 1121 antiquam
1461 1044 1689 1100 Seleuci·

327 1123 520 1176 darum
587 1127 784 1177 Aeram
844 1124 1228 1178 resumerent?
1277 1121 1540 1195 siquidem
1594 1121 1686 1173 ἐτι,

324 1198 559 1268 Augusti
626 1217 796 1252 numo
828 1240 841 1264 ,
889 1199 1135 1273 superius
1184 1199 1357 1253 relato
1386 1239 1398 1262 ‚
1449 1196 1686 1251 habetur

325 1285 448 1329 ΠΣ.
497 1277 695 1347 aequal.
752 1281 873 1331 280.
924 1275 1060 1329 adde
1107 1296 1231 1343 442.
1274 1272 1436 1329 habes
1486 1289 1692 1327 annum

331 1352 397 1404 V.
444 1353 518 1404 C.
562 1369 685 1415 722.
735 1353 834 1424 qui
881 1352 1034 1405 iuxta
1082 1351 1456 1425 Tripolitanos
1504 1349 1683 1420 coepit

329 1425 386 1477 in
448 1441 721 1478 autumno
769 1428 897 1480 anni
962 1448 1086 1497 721.
1118 1430 1235 1482 Cur
1287 1427 1458 1496 igitur
1499 1426 1555 1476 in
1589 1423 1688 1476 illo

324 1502 560 1554 Antonii
613 1519 787 1553 numo
845 1500 912 1553 ad
970 1503 1348 1554 Antonianam
1413 1498 1693 1572 Epocham

321 1593 467 1629 anno
527 1595 645 1642 727.
695 1574 1022 1630 redierunt?
1059 1576 1324 1649 Expedite
1376 1594 1506 1630 vero
1573 1573 1691 1628 heic

324 1650 618 1723 respondet
665 1692 678 1715 ,
737 1649 1062 1723 nodumque
1115 1670 1337 1705 omnem
1401 1650 1673 1725 expedit:

330 1745 478 1778 anuo
535 1730 598 1782 V.
652 1729 722 1781 C.
772 1746 894 1796 721..
936 1727 1232 1800 Tripolitas
1286 1726 1480 1780 foedus
1514 1768 1527 1792 ,
1559 1744 1685 1780 cum

322 1803 591 1856 Romanis.
614 1818 768 1855 antea
812 1803 1043 1868 initum,
1081 1803 1153 1856 ita
1193 1800 1503 1867 dissolvisse,
1549 1803 1686 1872 quin

328 1894 509 1930 tamen
550 1878 819 1931 amicitiae
851 1879 1256 1941 renuntiarent3
1297 1878 1353 1931 id
1384 1896 1513 1931 vero
1543 1877 1689 1931 dein··

330 1953 397 2006 de
442 1951 715 2006 innovaffe
764 1972 888 2007 ante
936 1973 1138 2007 annum
1190 1958 1252 2010 V.
1307 1957 1382 2010 C.
1432 1974 1555 2023 727.

477 2031 578 2082 His
640 2047 744 2099 ego
807 2030 905 2082 viri
965 2028 1299 2084 eruditissimi
1357 2031 1682 2083 coniecturis

325 2102 540 2157 facilius
602 2103 884 2157 adiensum
931 2104 1240 2179 praeberem
1274 2149 1286 2173 ‚
1342 2105 1375 2159 fi
1428 2106 1679 2160 Actiacae

323 2180 597 2234 Vicioriae
643 2180 894 2252 Epocha‚
948 2197 1137 2235 contra
1183 2182 1492 2236 unanimem
1554 2198 1693 2236 vete·-

328 2273 489 2319 rum,
538 2271 704 2328 atque
760 2258 1124 2310 recentiorum
1172 2256 1526 2322 consensum,
1560 2260 1687 2311 loco

323 2328 423 2383 suo
473 2348 582 2383 non
637 2349 996 2398 moveretur,
1035 2350 1202 2406 atque
1241 2335 1491 2405 quinque
1530 2335 1685 2387 annis

319 2403 485 2459 serius
542 2407 829 2478 incoepiffe
901 2403 1270 2465 statueretur.
1321 2409 1476 2479 Qid
1535 2410 1684 2462 enim

323 2483 461 2535 tanti
507 2485 772 2538 momenti
812 2485 933 2540 heic
967 2488 1130 2543 etiam
1176 2486 1463 2551 adfertur,
1528 2486 1684 2539 cuius

417 2587 422 2591 ’
1446 2558 1604 2616 causa
