1856 2901
447 179 519 239 46
671 165 1168 226 AN'IMADVERS.
1209 186 1278 226 IN
1320 187 1463 228 νεῖ.

372 302 614 357 quorum
667 282 881 339 fortasse
931 286 1062 337 Dux
1113 283 1280 338 fuerit
1323 289 1530 341 Tomus
1558 326 1571 352 ,
1611 305 1725 341 non

363 357 601 433 ⁴obicure
630 357 1058 432 agnoscit‚dum
1094 360 1168 413 ita
1190 357 1349 413 suum
1369 363 1726 417 Tomitanam

368 439 425 490 in
458 434 647 490 urbem
691 435 985 490 adventum
1022 433 1277 489 describit
1311 476 1323 501 ,
1357 438 1582 492 eandem
1616 443 1727 492 Mi-

367 513 532 566 letida
561 552 573 576 ‚
617 510 704 566 seu
729 512 967 586 Milefida
988 550 1003 578 ,
1042 512 1440 585 cognominans
1478 530 1489 565 :
1533 514 1640 570 Lib.
1673 518 1727 571 Ι.

366 591 518 659 Trist.
557 588 708 661 Eleg.
741 608 821 642 11.

434 705 485 755 A
506 702 680 774 quibus
702 701 955 756 adveniat
973 699 1226 756 Miletida
1245 698 1414 776 sospes
1447 705 1502 755 in
1532 702 1724 769 urbem,

513 779 714 851 Offenst
745 797 836 851 quo
875 797 948 829 me
997 776 1236 852 compulit
1278 780 1360 833 ira
1400 781 1533 834 Dei.

469 891 674 944 Verum
712 889 947 944 Milesios
987 907 1169 945 tamen
1205 889 1370 944 serius
1415 908 1481 943 eo
1526 887 1722 946 veniffe

364 962 577 1028 censet,
607 980 659 1017 et
693 966 819 1018 loco
853 966 946 1040 ipfi
975 970 1125 1041 prius
1155 984 1359 1021 nomen
1391 969 1555 1021 Tomi
1590 963 1724 1021 fuis-

357 1037 408 1093 se
441 1039 509 1095 ab
540 1039 822 1115 Absyrto.
870 1045 974 1101 Lib.
1004 1048 1099 1098 ΙΙΙ.
1139 1046 1288 1116 Trist.
1327 1044 1479 1118 Eleg.
1520 1066 1571 1113 9.

429 1196 544 1247 Huc
581 1215 770 1269 qnoque
802 1195 988 1248 Mileto
1034 1194 1163 1267 mzffi
1198 1215 1389 1251 venere
1423 1195 1606 1269 Coloni
1625 1235 1639 1261 ‚

503 1274 658 1343 Inque
692 1273 842 1325 Getis
880 1272 1068 1326 Graias
1104 1275 1399 1342 constituere
1429 1271 1626 1324 domos.

422 1347 532 1404 Sed
542 1363 694 1400 vetus
710 1347 818 1400 huic
833 1366 1019 1411 nomen,
1025 1365 1087 1421 po
1078 1351 1284 1422 sitaque
1303 1349 1568 1420 antiquius
1584 1345 1715 1410 urbe,

502 1425 709 1496 Constat
747 1423 804 1478 ab
837 1421 1036 1500 Absyrti
1074 1425 1220 1479 caede
1245 1422 1400 1501 fussse
1427 1424 1531 1475 loco
1552 1458 1566 1474 .

460 1575 539 1625 At
590 1573 733 1626 enim
782 1571 914 1625 mihi
961 1570 1246 1646 probabile
1299 1589 1415 1629 non
1462 1570 1714 1637 videtur,

348 1648 716 1703 Conditorem
756 1651 997 1702 Tomum
1045 1670 1073 1703 a
1116 1650 1243 1702 loco
1268 1689 1281 1715 ,
1325 1667 1505 1721 eoque
1535 1647 1715 1702 incul-

346 1736 407 1774 to
446 1762 460 1788 ‚
508 1725 563 1776 in
608 1743 725 1796 quo
776 1723 962 1777 urbem
1003 1724 1262 1778 conderet
1297 1767 1311 1793 ‚
1368 1742 1573 1776 nomen
1620 1721 1715 1776 fibi

349 1796 559 1852 sumere
608 1817 618 1850 :
666 1816 762 1853 aut
811 1801 885 1854 ita
940 1815 1255 1874 opportune
1304 1796 1550 1854 cecidisse
1586 1839 1600 1864 ,
1648 1812 1711 1851 ut

343 1876 570 1928 nomine
614 1877 774 1931 Tomi
816 1877 1182 1950 appellaretur
1215 1875 1257 1928 is
1280 1917 1293 1942 ,
1345 1875 1443 1950 qui
1480 1875 1538 1926 in
1571 1870 1713 1927 eius·

346 1947 466 2003 dem
502 1953 740 2006 nominis
773 1953 900 2007 loco
937 1953 1126 2008 urbem
1162 1968 1279 2005 tum
1303 1948 1670 2007 exstruxisset.

454 2028 637 2082 Aliam
684 2028 922 2103 denique
958 2031 1099 2083 viam
1135 2030 1361 2084 rimatus
1395 2028 1512 2082 sum
1542 2068 1556 2093 ,
1596 2045 1706 2098 qua

344 2116 398 2153 et
444 2122 641 2159 numos
672 2103 833 2159 hosce
873 2104 1072 2182 possem
1106 2147 1119 2171 ,
1162 2121 1215 2158 et
1253 2121 1486 2160 veterem
1522 2103 1705 2168 illam,

340 2175 407 2229 de
450 2183 612 2235 Tomi
659 2183 883 2237 nomine
924 2224 937 2247 ,
989 2182 1360 2237 narrationem
1413 2183 1471 2234 in
1519 2194 1706 2233 tutum

340 2253 608 2310 deducere
643 2299 655 2312 .
715 2257 969 2333 Suspicor
1005 2263 1208 2313 Tamum
1245 2257 1394 2312 hunc
1433 2299 1447 2324 ,
1495 2274 1706 2328 quem-2

338 2334 491 2385 numi
540 2333 786 2389 referunt
811 2334 828 2401 ,⁷
855 2354 968 2390 non
1006 2333 1159 2390 fuiffe
1194 2332 1341 2389 urbis
1373 2333 1702 2388 Tomitanae

339 2408 705 2464 Conditorem
738 2431 753 2476 ‚·
801 2409 889 2465 sed
936 2410 1343 2466 celeberrimum
1375 2412 1432 2464 in
1475 2423 1595 2464 toto
1635 2423 1702 2459 eo

341 2488 514 2540 tra&u
547 2526 562 2555 ,
612 2501 664 2541 et
711 2488 888 2543 vicina
920 2488 1165 2545 Thracia
1196 2488 1395 2545 'virum
1433 2505 1445 2541 :
1497 2499 1702 2555 atque..

1472 2577 1628 2636 prae-
