1856 2901
407 156 477 207 34
658 150 1156 194 ANIMADVERS.
1196 150 1268 193 IN
1308 153 1454 195 VET.

329 250 483 326 Eryci
517 249 716 303 cederet
742 294 754 307 .
812 251 992 304 Huius
1031 270 1252 324 pugnae
1293 251 1436 306 idern
1478 252 1691 305 Austor

288 354 291 356 ·
324 328 435 381 Lib.
473 327 565 380 IV·
604 328 724 398 Cap.
763 327 861 381 ult.
903 328 1239 380 mentionem
1283 326 1449 381 facit.
1500 328 1694 381 Exitus

327 417 546 476 pugnae
586 399 674 454 hic
716 417 830 454 erat
875 418 884 452 :
944 402 1194 456 Hercules
1245 402 1409 454 Viblor
1450 406 1601 481 Eryci
1640 418 1693 455 et

322 482 495 534 ‘vitam
521 515 535 541 ‚
575 492 627 529 et
659 496 869 550 regnum
901 482 1126 555 eripuit,
1161 493 1221 531 ut
1258 479 1552 552 Pomponius
1590 480 1693 533 Sa·

328 555 474 609 binus
504 549 667 605 refert
690 592 704 618 ,
746 550 813 607 ab
854 557 987 609 Rev.
1021 557 1074 606 Ρ.
1096 554 1363 608 Hardus‘no
1400 552 1692 609 adductus·

322 632 598 686 Vistorem
642 628 813 699 igitur
845 668 859 695 ,
909 648 971 683 ac
1011 629 1320 682 Dominum
1368 626 1532 686 suum
1572 627 1692 682 fim-

322 706 487 780 plici,
521 722 637 777 quo
670 720 871 758 veteres
901 702 1217 776 gaudebant
1247 743 1262 768 ‚
1293 705 1472 758 clavae
1508 704 1689 777 fignO,

322 781 618 837 Herculem
652 779 987 853 profitentur
1023 780 1242 849 Erycini
1276 822 1289 835 .
1345 779 1693 856 Comprobat

323 857 431 911 hoc
474 857 611 909 alter
655 855 805 928 apud
847 860 1103 910 Parutam
1147 874 1345 910 numus
1381 896 1394 921 ,
1437 858 1492 909 in
1537 857 1692 910 cuius

320 934 490 988 altera
538 930 674 985 facie
704 932 964 986 Hercules
1008 933 1183 997 stans,
1225 951 1350 987 cum
1393 932 1689 1005 epigraphe

319 1017 722 1070 EPTKEINQNJ
775 1008 832 1060 in
875 1008 1040 1061 altera
1084 1025 1250 1081 caput
1294 1010 1518 1063 Veneris
1559 1011 1694 1077 Ery·

319 1087 524 1140 cinae:
581 1083 736 1137 cuius
788 1081 1204 1148 celeberrimum
1251 1086 1543 1158 Templum
1600 1084 1691 1136 in⁴

318 1159 569 1235 praealto
624 1160 828 1213 montis
869 1161 1054 1228 Erycis
1096 1161 1295 1215 vertice
1340 1201 1353 1226 ‚
1407 1162 1504 1234 qui
1567 1157 1690 1212 urbi

318 1232 621 1291 inminebat
659 1275 673 1302 ,
713 1236 1085 1295 constitutum,
1119 1234 1274 1291 fuisse
1303 1276 1317 1303 ,
1359 1235 1545 1292 Strabo
1582 1233 1690 1289 Lib.

317 1316 414 1375 VI.
452 1311 659 1385 aliique
699 1329 1139 1366 commemorant
1162 1353 1176 1367 .

434 1393 549 1449 Iam
579 1405 708 1442 vero
751 1388 875 1461 quis
916 1388 1005 1441 hic
1050 1388 1108 1442 fit
1152 1386 1389 1461 Lepidus
1421 1427 1434 1452 ,
1477 1405 1691 1458 quem-2

314 1484 491 1521 numo
533 1464 962 1518 cohonestarunt
1009 1463 1231 1532 Erycini
1264 1504 1277 1529 ‚
1334 1461 1537 1534 quidve
1593 1458 1689 1534 ipfi

314 1543 374 1596 in
405 1540 586 1597 Sicilia
615 1538 934 1602 deberetur,
979 1537 1373 1610 exponendum
1415 1538 1518 1592 est.
1560 1536 1693 1591 Exi-

317 1618 478 1672 stimo
510 1614 779 1686 signatum
811 1613 929 1666 heic
964 1612 1062 1666 effe
1100 1617 1356 1668 Marcum
1380 1613 1691 1668 Aemilium

315 1692 586 1768 Lepidum
607 1731 620 1755 ,
653 1690 749 1763 qui
782 1707 909 1742 cum
933 1689 1165 1742 Octavio
1185 1687 1444 1755 Caesare,
1470 1705 1522 1743 et
1541 1691 1689 1742 Mar-

313 1788 384 1824 co
420 1766 678 1823 Antonio
710 1764 1088 1819 Triumviratu
1126 1768 1207 1820 R.
1244 1768 1298 1820 P.
1333 1765 1688 1818 Constituen-

313 1844 416 1900 dae
446 1841 732 1898 inclaruit.
773 1840 1009 1914 Lepidus
1041 1840 1130 1894 hic
1166 1845 1187 1908 (
1215 1839 1372 1913 quod
1404 1840 1582 1911 legere
1618 1840 1689 1893 est

315 1920 466 1995 apud
499 1917 850 1974 Plutarchum
876 1957 889 1982 ,
929 1934 982 1970 et
1023 1917 1321 1983 Dionem)
1365 1916 1655 1970 oetavium
1677 1955 1691 1982 ‚

316 1998 409 2054 cui
443 1996 499 2050 id
532 1994 765 2049 maxime
805 1993 961 2047 cordi
992 2008 1136 2058 erat,
1177 2008 1237 2046 ut
1267 1996 1493 2046 Sextum
1529 1995 1691 2046 Pom-

317 2074 506 2149 peium
529 2071 684 2127 omni
719 2070 900 2124 Sicilia
933 2070 1174 2141 exigeret
1203 2109 1216 2135 ‚
1258 2069 1364 2122 suis
1400 2068 1573 2142 copiis
1603 2068 1690 2121 iu·

319 2151 398 2206 vit
431 2190 445 2216 ‚
486 2168 547 2203 ac
587 2163 763 2202 totam
810 2145 921 2200 fere
957 2146 1204 2203 Siciliam
1242 2142 1489 2199 obtinuit
1530 2164 1546 2209 3
1600 2141 1691 2197 etsi

319 2245 452 2281 mox
494 2246 523 2280 a
562 2221 788 2282 Caesare
837 2223 1012 2296 copiis
1038 2262 1052 2288 ,
1093 2238 1148 2277 et
1193 2219 1443 2277 libertate
1493 2217 1691 2292 agendi

317 2303 563 2378 privatus
589 2301 648 2356 fit
668 2344 681 2357 .
721 2304 858 2355 Sane
891 2297 1128 2373 Lepidus
1166 2297 1314 2373 apud
1345 2301 1563 2352 Dionem
1584 2293 1689 2366 Lib.

317 2381 517 2440 XLIX.
550 2376 819 2451 Caesarem
857 2375 1091 2451 culpabat
1117 2417 1134 2444 ,
1174 2376 1431 2447 recenfitis
1473 2371 1691 2426 omnihus

312 2458 425 2511 *eius
473 2457 681 2518 iniuriis
713 2494 729 2525 ‚
765 2451 1116 2530 reposcensque
1154 2473 1214 2512 ea
1252 2453 1418 2509 omnia
1439 2489 1454 2518 ,
1503 2465 1628 2534 quae
1661 2465 1692 2502 a

1464 2543 1635 2579 coma-
