1856 2901
409 145 477 196 18
657 155 1156 198 ANIMADVERS.
1195 155 1268 197 IN
1307 150 1455 199 v'E-r.

439 257 706 324 Qonam
768 271 1050 328 tempore,
1103 255 1218 327 post
1266 255 1426 309 Plinii
1472 273 1727 323 aevum„

331 328 545 384 rursum
590 331 744 386 locus
780 332 872 385 iste
918 329 1252 384 habitatores
1287 330 1522 386 nancisci
1574 350 1700 386 coe·-

324 408 465 479 perit
500 448 514 474 ‚
558 425 729 480 porro
781 407 1057 480 inquirere
1099 406 1263 459 nostri
1322 424 1436 458 non
1496 409 1565 462 est
1613 409 1700 459 in-

320 482 528 538 stituti.
562 487 728 537 Nunc
768 484 837 536 est
881 485 1145 553 exiguum
1181 481 1448 554 oppidum
1473 523 1485 546 ,
1523 484 1696 553 vulgo

326 561 498 629 Castel
566 560 764 613 vecchio
824 558 1029 611 dfflum
1091 600 1105 625 ‚
1165 557 1321 629 quod
1383 578 1409 611 a
1453 557 1696 613 Gabriele

320 635 510 688 Burrio
561 633 669 687 Lib.
714 638 802 687 11I
811 676 823 688 .
870 634 928 686 de
977 636 1224 706 antiquit.
1286 651 1337 686 et
1369 636 1479 706 fitu
1535 634 1694 688 Cala·

322 708 460 765 briae
496 749 510 773 ,
556 709 632 762 ita
674 708 999 764 describitur
1040 711 1155 782 post
1196 711 1531 763 Crotonem:
1569 707 1695 762 Inde

320 787 389 852 est
434 787 796 853 Castrovetum
836 786 1062 859 oppidum
1091 825 1104 851 ,
1147 784 1281 837 edito
1316 826 1328 847 ‚
1367 783 1697 858 salubrique,

318 860 424 910 loco
459 861 622 929 fitam
673 866 812 912 inter
856 863 1074 914 Alarum
1106 900 1119 926 ‚
1153 877 1204 912 et
1245 860 1446 931 Mitsam
1489 880 1691 923 amnes,

317 938 628 987 torrentinis
664 973 678 999 ,
712 951 765 987 et
797 937 1051 1009 anguillis
1094 936 1343 1010 fecundos
1384 957 1400 999 ,·
1442 935 1698 1007 undique,

316 1009 520 1082 rupibus
564 1008 766 1084 septum
825 1029 917 1066 etc.
978 1013 1147 1064 Aulon
1190 1013 1389 1084 quidem
1442 1010 1645 1066 ‘vallem
1677 1046 1695 1073 ,

310 1085 689 1159 planitiemque
715 1132 726 1153 ,
763 1106 820 1141 ac
844 1087 1035 1159 florida
1080 1088 1189 1140 loca
1210 1088 1481 1158 fignificat
1511 1111 1525 1140 .·
1559 1089 1694 1139 Cau-

314 1161 458 1213 lonia
498 1181 625 1214 ‘vero
685 1162 1012 1225 iaffantiam,
1065 1162 1198 1236 quod
1233 1165 1284 1214 ob
1332 1164 1430 1214 loci
1467 1159 1694 1234 salubri-

321 1250 486 1288 tatem
514 1274 528 1301 ,
574 1257 834 1310 rerumque
886 1240 1194 1312 opulentiam
1235 1238 1523 1312 praecellat
1552 1276 1565 1290 .
1609 1238 1692 1288 De

323 1310 634 1365 Cauloniae
668 1314 1017 1380 nominibuS,
1058 1315 1310 1383 origine,
1349 1313 1477 1377 fim,
1514 1327 1563 1364 et
1602 1330 1691 1363 ca·-

313 1383 453 1439 fibus
487 1426 501 1451 ‚
533 1386 600 1439 ad
645 1387 992 1443 illustrandos
1045 1387 1257 1442 facilius
1300 1406 1497 1441 numos
1547 1402 1690 1442 vete-

314 1479 428 1528 reS,
467 1461 599 1516 haec
642 1478 856 1518 tantum
885 1507 899 1521 .

426 1539 886 1592 Cauloniatarum
930 1555 1128 1590 numos
1161 1578 1174 1602 ‚
1216 1557 1355 1611 quos
1415 1537 1564 1590 haud
1610 1538 1686 1592 ita

315 1629 524 1683 magno
553 1632 785 1668 numero
820 1614 1145 1667 detexerunt
1178 1615 1545 1686 Antiquitatis
1580 1617 1688 1667 stu-

313 1686 448 1740 diofi
482 1729 496 1753 ‚
545 1707 738 1742 omnes
783 1706 908 1743 ante
948 1689 1193 1754 ruinam,
1237 1709 1403 1760 quam
1453 1705 1688 1742 exeunte

311 1759 460 1815 bello
496 1765 706 1817 Punico
747 1761 985 1819 secundo
1027 1761 1192 1818 subiit
1240 1765 1513 1819 Caulonia
1544 1807 1554 1829 ‚
1589 1785 1686 1818 cu-

311 1834 397 1890 sos
446 1835 546 1891 effe
577 1880 590 1903 ,
633 1858 696 1892 ex
767 1859 833 1893 eo
894 1840 1071 1912 liquet
1103 1880 1116 1904 ,
1168 1841 1322 1912 quod
1375 1840 1684 1912 longiffimo

314 1911 572 1988 deinceps
618 1931 863 1990 tempore
897 1913 1135 1970 desertus
1179 1917 1268 1970 ille
1311 1918 1465 1972 locus
1504 1919 1685 1971 iacue-

311 1988 385 2042 rit
414 2029 427 2054 ,
481 2006 535 2043 et
583 1994 735 2045 numi
791 2010 1040 2064 magnam
1093 1995 1410 2048 vetustatem
1459 2013 1587 2067 prae
1630 1991 1680 2046 se

316 2062 497 2119 ferant
525 2102 537 2118 .
588 2070 787 2141 Neque
838 2085 1020 2124 tamen
1060 2067 1302 2136 horum,
1339 2089 1483 2143 quos
1532 2085 1682 2124 tene-

309 2158 433 2195 mus
476 2183 489 2206 ,
542 2143 759 2217 aliquos
819 2163 942 2201 ante
1006 2144 1244 2217 primum
1312 2146 1473 2200 huius
1533 2143 1682 2199 u1bis

311 2215 613 2273 exscidium
666 2221 937 2294 percussos
983 2220 1082 2275 effe
1117 2238 1288 2296 put03
1320 2221 1474 2295 quod
1511 2238 1562 2275 et
1599 2220 1681 2276 fa-

310 2290 469 2350 brica
503 2293 565 2349 fit
609 2298 951 2370 perelegans,
989 2312 1042 2352 et
1092 2317 1280 2353 omnes
1319 2309 1680 2352 ΚΑΥΛΩΝΙΑ-

312 2377 456 2423 ΤΑΝ
483 2409 497 2434 a
532 2389 648 2426 non
687 2384 1129 2434 ΑΥΛΩΝΙΑΤΑΝ
1162 2417 1177 2446 ,
1222 2374 1467 2451 inscripti
1524 2392 1677 2448 repe-

310 2445 524 2502 tiantur
552 2489 567 2506 .

1446 2529 1600 2597 Qa-
