1856 2901
415 186 487 232 62
668 193 1160 236 ANIMADVERS.
1212 196 1288 235 IN
1327 195 1471 237 VET.

334 295 367 360 '„
408 289 505 345 esse
551 291 698 364 apud
751 311 840 346 eos
887 290 1122 345 arbitror
1150 333 1164 357 ‚
1214 293 1312 364 qui
1357 291 1493 347 bene
1548 292 1692 345 mul-

336 409 367 437 ,‚
410 384 489 422 tas
546 367 749 422 Affium
804 382 1049 421 monetas
1114 366 1438 439 conspexere
1483 407 1497 422 .
1561 368 1695 422 Satis

333 484 366 512 ‚‚
405 446 514 498 esto
571 441 854 498 Numisma
911 461 1138 497 aeneum
1182 462 1307 497 cum
1354 442 1483 496 Affis
1522 458 1693 508 nota,

331 559 364 588 ‚,
403 521 632 573 alterum
656 536 677 572 s
697 536 732 574 V
753 532 781 572 L
802 536 838 573 A
854 562 866 575 .
883 520 1113 572 alterum
1137 534 1169 572 C
1190 535 1205 571 1
1227 536 1262 573 N
1277 535 1314 572 A
1343 517 1664 591 inscriptum
1681 558 1695 583 ,

332 637 366 664 ‚‚
409 595 542 649 duas
592 596 778 650 uncias
823 594 1131 668 appendens
1170 614 1186 658 ,·
1238 595 1399 667 quale
1444 609 1497 647 et
1545 594 1696 649 Vail-

331 713 365 741 „
408 671 610 725 lantius
651 670 715 724 de
757 672 1010 725 Numinis
1052 670 1304 741 antiquis.
1337 670 1689 723 Familiarum

329 786 363 816 ,‚
406 751 701 802 Romanar.
729 744 1084 810 describit‚et
1115 743 1344 799 habetur
1366 747 1423 798 in
1455 746 1694 801 Cimelio

327 862 361 891 „
401 823 641 892 Collegii
696 819 1133 878 Vindobonenfis
1181 825 1297 877 Soc,
1333 819 1450 875 Iesu
1483 841 1500 886 3
1535 819 1693 894 quod

329 937 363 966 ‚‚
406 898 707 970 utrumque
755 915 918 950 nemo
950 936 965 962 ‚
1010 897 1245 950 arbitror
1277 936 1292 961 ,
1327 898 1423 969 qui
1471 897 1696 963 viderit,

325 1012 360 1041 ,‚
402 973 469 1026 ad
512 973 930 1027 Antoninorum
967 989 1212 1045 tempora
1258 972 1451 1026 referet
1491 990 1503 1023 ε
1540 970 1696 1046 quod

325 1089 358 1116 „
402 1046 526 1102 sane
575 1049 731 1102 nullo
767 1049 938 1103 modo
992 1047 1122 1104 fecit
1165 1049 1496 1104 Vaillantius
1530 1089 1544 1114 ‚
1597 1048 1695 1121 qui

324 1165 359 1193 ‚‚
399 1126 551 1178 Bello
590 1128 769 1197 primo
813 1126 1021 1181 Punico
1067 1122 1247 1180 Affem
1294 1125 1362 1179 ad
1409 1123 1542 1177 duas
1588 1142 1692 1177 un-

324 1241 358 1269 „
398 1204 502 1254 cias
558 1200 832 1255 redactum
876 1200 1029 1256 fuisse
1066 1199 1393 1268 arbitratur,
1426 1199 1571 1254 libro
1613 1200 1691 1253 ci·

326 1313 359 1344 ,‚
400 1292 520 1331 tato
564 1295 685 1351 pag.
713 1333 717 1338 ,
741 1298 862 1350 351.

437 1392 471 1420 „
515 1356 686 1407 Porro
745 1372 908 1426 grave
980 1351 1393 1408 Numismatum
1465 1349 1687 1426 pondus

321 1436 357 1497 ',-,
396 1427 689 1484 sententiae
745 1433 953 1483 nostrae
1018 1431 1170 1484 addit
1238 1434 1468 1482 Ioannes
1527 1424 1690 1498 Casp.

322 1544 356 1571 ‚,
396 1503 847 1557 Eisenschmidius
913 1506 970 1555 in
1030 1503 1329 1556 doctiffimo
1397 1499 1685 1575 Opusculo

320 1618 355 1647 „
395 1583 476 1633 De
517 1579 819 1631 Ponderibus
858 1593 912 1631 et
955 1577 1239 1646 Menfitris,
1273 1576 1366 1632 ubi
1405 1596 1693 1632 enumera·

320 1693 353 1722 ‚,
394 1655 460 1707 tis
491 1653 865 1727 compluribus
897 1651 1167 1726 variisque
1202 1653 1436 1720 Affium,
1466 1669 1519 1707 et
1560 1653 1693 1707 Affis

320 1769 353 1798 9,
394 1731 633 1803 partium
678 1728 1011 1802 ponderibus
1046 1770 1060 1796 ,
1096 1727 1195 1783 sub
1242 1728 1404 1783 finem
1463 1728 1682 1783 Praefa-

321 1843 354 1873 ‚,
396 1806 561 1858 tionis
595 1807 669 1857 ita
704 1804 1022 1858 concludit:
1063 1809 1271 1857 Certum
1311 1806 1428 1858 inde
1455 1803 1681 1875 fiaemitur

322 1918 355 1949 3,
395 1897 776 1953 argumentum,
808 1881 951 1950 Affi5
990 1880 1114 1932 olim
1154 1881 1288 1936 haud
1306 1880 1465 1954 semel
1487 1920 1501 1945 ,
1532 1896 1584 1932 et
1628 1880 1688 1933 de

323 1994 356 2023 ,‚
395 1973 598 2030 repente
629 1996 643 2022 ‚
694 1972 753 2010 ut
799 1977 866 2010 ex
914 1956 1052 2008 Plini
1098 1960 1395 2010 narratione
1445 1956 1682 2008 concludi

321 2069 355 2099 ‚,
388 2035 550 2105 potest
596 2071 609 2097 ‚
655 2054 680 2085 e
728 2031 992 2087 libralibus
1043 2030 1212 2107 fufio:
1260 2032 1417 2105 fmsse
1455 2029 1682 2103 sextan-

322 2145 353 2175 „
395 2111 608 2173 tarios;
654 2105 755 2178 sed
783 2105 964 2177 sensim
1005 2145 1018 2171 ,
1073 2123 1125 2159 et
1177 2111 1417 2180 repetitis
1480 2106 1683 2161 ‘vicibus

322 2222 354 2250 „
396 2183 465 2237 ad
518 2183 741 2238 unciales
775 2223 788 2248 ,
850 2182 1152 2257 tandemque
1214 2182 1285 2238 ad
1316 2181 1678 2256 semiunciales

321 2297 354 2327 ³>
385 2259 542 2333 fuzffi
591 2259 851 2315 reduffos.

434 2375 466 2401 ,‚
507 2350 689 2388 AENEA
733 2351 1066 2390 NVMISMATA
1106 2350 1341 2390 1TAT1AE
1374 2374 1391 2400 ‚
1438 2350 1508 2390 ΕΤ
1561 2348 1685 2388 5101-

319 2414 353 2479 5,
393 2426 550 2475 L1AE,
594 2412 742 2466 notis
777 2414 1085 2486 ponderum
1124 2411 1254 2466 Affis
1294 2426 1395 2466 etc.
1423 2409 1683 2481 infignia,

322 2526 356 2555 „
396 2506 425 2541 e
474 2506 716 2562 quorum
744 2490 1045 2551 ,varietate
1073 2488 1219 2571 illud*
1257 2488 1448 2560 colligi
1499 2481 1684 2559 posse.-

1489 2579 1614 2638 pro-
