1856 2901
310 172 313 173 ⁷
367 173 395 210 2
583 169 1080 212 ANIMADVERS.
1119 169 1190 210 IN
1233 169 1377 212 VET.
1419 164 1433 173 ”

288 265 514 341 celebris
554 269 624 324 est
656 310 670 336 ‚
729 270 919 344 paullo
965 269 1235 342 prolixius
1276 265 1610 342 praedicabo
1645 251 1673 325 ..ξ

281 345 454 404 Numi
499 345 662 400 nostri
704 346 778 400 ita
821 343 1052 400 habent.
1419 366 1422 370 ’
1672 370 1675 373 ·

304 469 312 480 ,
397 431 537 476 ΚΟΡ.
589 424 864 489 Κορκυραίων
896 458 909 474 .
952 426 1337 498 Corcyraeorum
1371 460 1386 474 .
1438 422 1662 490 Satyrus

282 495 467 552 nudus
509 496 718 551 diotam
743 539 756 564 ,
797 495 887 551 seu
925 497 1248 569 amphoram
1292 497 1346 548 in
1384 494 1534 548 aliud
1571 516 1660 549 vas

282 574 461 627 maius
507 592 651 646 pone
680 575 941 628 statutum
983 572 1255 627 effundit:
1300 593 1328 627 a
1371 587 1529 642 tergo
1568 574 1661 625 Sa-

282 651 391 719 tyri
431 649 721 723 pisciculus
743 693 756 706 .

394 726 563 780 Nulla
619 724 903 799 inscriptio
941 765 955 780 .
1008 723 1252 778 Bacchus
1304 724 1485 777 nudus
1525 764 1537 787 ,
1592 723 1663 775 ti-

280 802 467 872 gride,
511 802 593 856 vel
627 801 972 876 pantherisco
1005 803 1183 854 veclus
1209 843 1223 857 .
1262 800 1399 856 Vide
1442 801 1656 853 iconem

279 875 414 932 Tab.
443 881 489 931 Ι.
532 896 682 933 num.
718 899 760 934 1.
803 879 1062 943 Sequitur
1100 878 1235 929 alter
1275 895 1507 930 numus.

389 963 535 1008 KOP.
587 958 1003 1030 Corcyraeorum.
1055 953 1296 1009 vickoria
1338 953 1476 1006 stans
1506 992 1520 1018 ‚
1562 968 1653 1002 ex-

281 1028 455 1101 pansis
497 1028 782 1095 manibus,
828 1046 880 1083 et
921 1030 1054 1085 alis·

394 1105 603 1177 Aquila
643 1146 656 1172 ,
700 1121 795 1160 aut
836 1106 938 1160 alia
980 1105 1090 1160 avis
1133 1105 1309 1159 maior
1350 1104 1522 1167 stanS,
1566 1119 1657 1155 ro-

278 1180 387 1234 stro
424 1179 628 1235 sertum
663 1201 884 1253 gere1153
926 1201 990 1236 ex
1021 1183 1290 1255 pampinis
1313 1221 1326 1247 ‚
1366 1177 1653 1251 botrisque

280 1271 606 1311 contextum
629 1299 642 1313 .
683 1257 816 1314 Tab.
845 1262 897 1313 1.
936 1277 1088 1312 num.
1122 1273 1163 1312 1.

399 1334 618 1399 Tertius
653 1352 852 1388 numus
895 1334 1034 1388 nihil
1080 1332 1193 1387 fere
1233 1331 1300 1386 ab
1339 1332 1512 1386 altero
1550 1330 1656 1386 hoc

279 1406 465 1461 differt
489 1449 503 1475 ,
544 1409 639 1464 nifi
683 1409 837 1483 quod
880 1412 990 1466 avis
1013 1451 1026 1474 ,
1070 1409 1193 1464 serti
1230 1410 1358 1462 loco
1381 1449 1396 1474 ,
1427 1405 1654 1462 botrum

280 1484 510 1538 unicum
560 1487 735 1540 rostro
785 1503 966 1541 tenet.
1007 1485 1141 1539 Tab.
1182 1489 1233 1538 I.
1275 1502 1425 1538 num.
1465 1486 1527 1537 11.

392 1564 511 1614 Hos
552 1579 752 1615 numos
787 1579 902 1612 non
938 1559 1018 1613 illi
1051 1562 1362 1628 Corcyrae,
1402 1576 1543 1630 quae
1572 1562 1661 1613 Io-

275 1636 375 1690 nio
408 1637 542 1689 mari
577 1634 1047 1690 circumfunditur
1067 1674 1081 1699 ‚
1108 1650 1160 1687 et
1189 1634 1324 1688 olim
1353 1635 1658 1689 Phaeacum

275 1710 495 1776 Insula,
537 1712 750 1765 Scheria
799 1727 898 1765 etc,
941 1726 1109 1782 atque
1153 1711 1373 1765 Graecis
1418 1710 1658 1783 Scripto-

276 1785 427 1840 ribus
473 1784 584 1839 fere
622 1789 818 1855 Κέρκυρα
852 1827 865 1852 ,
907 1786 964 1839 in
1013 1787 1193 1839 numis
1234 1800 1418 1840 tamen
1457 1788 1660 1854 Κόρκυρα

276 1861 605 1936 compellata
660 1863 909 1934 legitur,
963 1859 1349 1917 adscribendos
1403 1859 1656 1926 censeo3

281 1936 373 1994 sed
409 1938 563 1992 alteri
598 1940 876 2008 Corcyrae
908 1936 1271 1993 vindicandos
1308 1953 1480 2014 pum,
1514 1956 1658 2010 quae

281 2035 311 2069 a
335 2011 626 2068 Veteribus
658 2021 857 2084 Κόρκυρα
891 2016 913 2075 ἡ
950 2015 1167 2068 Μέλαινα
1189 2057 1202 2083 ,
1232 2019 1449 2093 Corcyra
1480 2017 1660 2085 Nigra

279 2091 421 2145 dicla
457 2092 527 2144 est
552 2132 566 2156 ,
606 2109 832 2165 propter
870 2089 1150 2146 umbrosas
1178 2133 1191 2158 ‚
1235 2092 1435 2165 quibus
1482 2088 1659 2143 abun-

279 2167 409 2231 dat,
440 2168 788 2241 nigricatque
812 2210 826 2235 ,
861 2165 1045 2224 silvas:
1090 2166 1158 2223 ab
1193 2169 1359 2222 nostri
1395 2166 1656 2239 temporis

278 2244 561 2298 Graeculis
607 2245 860 2301 Zachalia
891 2268 913 2313 ;
955 2243 1022 2299 ab
1067 2245 1214 2300 Italis
1258 2245 1483 2298 Curzola
1521 2280 1534 2306 ,
1573 2241 1658 2295 vel

279 2322 510 2376 Curzula
537 2362 550 2387 ,
590 2321 672 2375 vel
700 2323 865 2376 etiam
896 2323 1117 2377 Corzola
1145 2321 1467 2376 nominatur
1490 2360 1501 2373 .
1543 2318 1654 2372 Sita

277 2415 343 2452 ea
392 2396 464 2452 est
505 2398 648 2453 inter
696 2397 897 2457 insulas
933 2399 1186 2456 Melitam
1220 2439 1235 2470 ‚
1276 2413 1330 2455 et
1380 2394 1655 2461 Lefinam,

1433 2486 1576 2547 quae
