1856 2901
387 152 420 200 8
615 160 1094 203 ANIMADVERS.
1133 160 1206 200 IN
1245 158 1395 201 νεῖ.

316 261 512 315 Ioniam
557 259 798 314 libertate
853 260 1147 313 donavere.
1187 256 1408 328 Qibus
1455 275 1586 313 vero
1626 255 1693 310 li-

315 335 496 389 bertas
534 336 658 389 data
700 336 770 388 est
801 374 814 401 ‚
865 348 1118 387 monetae
1167 351 1396 406 quoque
1440 333 1687 398 flandae,

311 430 374 465 ac
416 410 703 464 feriundae
754 410 1074 483 potestatem
1121 406 1500 464 confirmatam
1540 451 1552 474 ,
1595 423 1692 462 aut

309 486 586 541 indultam
625 484 753 551 esse,
797 504 910 540 non
954 487 1024 540 est
1054 485 1458 556 incongruum.
1499 487 1689 540 Victo-

309 563 422 617 riae
474 579 637 637 typus
682 564 738 614 in
792 560 1229 626 duobus-numis
1268 561 1460 614 nostris
1506 578 1694 634 perve-

309 639 464 692 tustis
498 680 510 703 ‚
554 640 692 693 hanc
739 641 1122 692 Romanorum
1163 637 1446 691 vi&oriam
1485 677 1499 702 ,
1542 654 1684 708 quae

312 717 592 783 Corcyrae
639 714 768 767 huic
811 713 1117 767 libertatem
1158 713 1370 786 peperit
1397 755 1411 779 ,
1454 712 1693 765 indicare

309 794 488 864 potest
522 828 535 841 .

431 868 735 934 Corcyram
777 883 906 919 vero
929 903 944 930 ,
987 862 1054 917 de
1089 882 1199 937 qua
1238 862 1390 918 distis
1426 863 1560 917 locis
1588 865 1693 917 Po-

306 939 488 1009 lybius
515 981 527 1005 ‚
567 955 619 993 et
648 942 935 1014 Appianus
965 955 1140 1010 agunt
1163 981 1176 1006 ‚
1219 940 1454 1012 Nigram
1490 938 1696 992 intelli-

307 1016 364 1087 gi
404 1031 662 1088 oportere
710 1013 850 1082 (etsi
891 1014 1022 1070 alibi
1072 1033 1485 1089 nonnunquam
1527 1012 1693 1068 dubie

305 1093 616 1162 loquantur
653 1132 666 1157 ,
709 1109 877 1166 atque
908 1094 1071 1146 etiam
1106 1092 1172 1145 de
1211 1092 1382 1146 altera
1415 1096 1694 1159 Corcyra,

307 1166 442 1220 dum
482 1166 547 1221 de
575 1168 769 1222 itinere
794 1210 807 1234 ‚
840 1185 893 1222 et
924 1166 1158 1241 appulsu
1191 1167 1446 1223 Classium
1482 1167 1691 1238 agitur,

308 1243 484 1315 accipi
530 1243 685 1317 poffit
715 1264 836 1318 pars
871 1245 1202 1299 narrationis
1240 1249 1260 1310 )
1305 1263 1370 1297 ex
1405 1263 1472 1298 eo
1518 1242 1694 1296 mani-

306 1318 504 1373 festum
549 1319 610 1373 fit
649 1361 663 1386 ‚
706 1319 863 1393 quod
911 1335 1143 1394 uterque
1183 1320 1429 1392 Scriptor
1482 1322 1694 1386 Corcy-

303 1413 420 1449 ram
451 1415 578 1450 cum
611 1394 736 1451 Iffiis
766 1434 780 1461 ,
822 1411 874 1450 et
916 1396 1096 1451 Pharo
1129 1395 1318 1449 eadem
1362 1395 1693 1450 narrationis

304 1469 436 1525 serie
472 1473 778 1544 coniungat
807 1514 820 1527 .
873 1470 1047 1526 Fuisse
1085 1491 1215 1526 vcro
1246 1475 1548 1541 Corcyram
1593 1488 1696 1522 no·

303 1549 466 1601 stram
510 1548 638 1601 Iffiis
671 1589 684 1613 ,
727 1563 780 1600 et
824 1546 1004 1599 Pharo
1041 1547 1356 1618 proximam
1389 1588 1404 1614 ,
1449 1550 1696 1616 Geogra-

303 1624 468 1697 phiae
507 1625 773 1695 antiquae
822 1621 1099 1693 Principes
1145 1640 1338 1675 omnes
1384 1626 1692 1676 contestan-

311 1713 406 1753 tur
432 1742 444 1755 .
483 1700 677 1755 Strabo
722 1696 830 1752 Lib.
867 1700 927 1752 11.
968 1695 1035 1749 de
1078 1697 1371 1751 Adriatico
1412 1697 1563 1752 finu:
1608 1709 1692 1750 Ετι

306 1773 361 1826 δ’
391 1786 507 1827 Iao-ot
532 1812 547 1836 ,
590 1776 675 1826 καί
710 1773 969 1840 Τραγέρισν
992 1811 1008 1836 ,
1052 1776 1139 1824 καί
1171 1775 1432 1833 &Me-‘mma
1465 1776 1689 1842 Κόρκυρα,

307 1853 396 1901 καί
446 1851 580 1914 Φάρος
609 1887 621 1901 .
663 1852 936 1904 Praeterea
976 1848 1078 1918 Issa
1107 1889 1121 1914 ,
1163 1866 1216 1902 et
1250 1852 1557 1921 Tragurium
1588 1891 1601 1915 ‚
1642 1863 1695 1901 et

305 1928 491 1997 Nigra
518 1929 767 2002 Corcyra,
811 1940 863 1976 et
895 1924 1088 1978 Pharas
1115 1967 1127 1979 .
1167 1924 1316 1978 Idem
1362 1926 1550 1998 paullo
1593 1924 1694 1978 ali·

309 2015 396 2053 ter
435 1999 646 2073 profert
679 2001 996 2055 Ptolemaeus
1024 2000 1131 2055 Lib.
1166 2005 1265 2057 11I.
1293 2003 1363 2056 ad
1382 2004 1577 2072 finem:
1618 2007 1695 2068 Τῇ·

311 2078 374 2129 35⁸
413 2080 685 2147 Δαλματίᾳι
739 2081 851 2137 νῆσοι
902 2078 1195 2143 παράκεινται
1238 2089 1350 2130 Ισπι
1393 2077 1484 2128 icccc*
1530 2079 1693 2130 πόλις.

309 2157 573 2220 Τραγέριον
624 2156 710 2205 καί
756 2165 882 2206 vrohe
910 2188 923 2204 0
962 2157 1121 2219 Φαριά
1161 2157 1247 2204 καί
1290 2156 1419 2206 πόλις
1447 2190 1460 2205 .
1494 2156 1692 2220 Κόρκυρα

313 2230 340 2289 ἦ
375 2232 621 2281 Μέλαινα.
668 2229 968 2283 Dalmatiae
1013 2233 1219 2284 vicinae
1256 2231 1424 2283 iacent
1460 2226 1691 2300 insulae.-

313 2303 418 2375 Iffa
456 2346 471 2369 ‚
513 2309 666 2359 etiam
709 2304 822 2357 urbs
852 2344 866 2372 ,
915 2308 1131 2383 Corcyra
1171 2309 1381 2377 Nigra.
1422 2302 1690 2358 Easdem-2

318 2381 557 2449 >omnino
604 2378 805 2438 insulas
844 2421 860 2450 ,
910 2378 1009 2438 nisi
1050 2380 1210 2456 quod
1256 2383 1385 2437 loco
1433 2377 1690 2448 Tragurii

1495 2457 1616 2514 Me-
