<?xml version="1.0" encoding="UTF-8"?>
<!DOCTYPE html PUBLIC "-//W3C//DTD XHTML 1.0 Transitional//EN"
    "http://www.w3.org/TR/xhtml1/DTD/xhtml1-transitional.dtd">
<html xmlns="http://www.w3.org/1999/xhtml" xml:lang="en" lang="en">
 <head>
  <title>
</title>
<meta http-equiv="Content-Type" content="text/html;charset=utf-8" />
  <meta name='ocr-system' content='tesseract 3.04.00' />
  <meta name='ocr-capabilities' content='ocr_page ocr_carea ocr_par ocr_line ocrx_word'/>
</head>
<body>
  <div class='ocr_page' id='page_1' title='image "./litterariaeopusc07gori/litterariaeopusc07gori_0066.png"; bbox 0 0 1856 2901; ppageno 0'>
   <div class='ocr_carea' id='block_1_1' title="bbox 408 135 1417 221">
    <p class='ocr_par' dir='ltr' id='par_1_1' title="bbox 408 135 1417 221">
     <span class='ocr_line' id='line_1_1' title="bbox 408 135 1417 221; baseline 0.005 -17"><span class='ocrx_word' id='word_1_1' title='bbox 408 169 482 221; x_wconf 73' lang='lat'><strong>40</strong></span> <span class='ocrx_word' id='word_1_2' title='bbox 635 135 1417 210; x_wconf 27' lang='lat' dir='ltr'>ANIMADVERS.1N⁴VET.</span> 
     </span>
    </p>
   </div>
   <div class='ocr_carea' id='block_1_2' title="bbox 321 260 1707 2319">
    <p class='ocr_par' dir='ltr' id='par_1_2' title="bbox 328 260 1695 796">
     <span class='ocr_line' id='line_1_2' title="bbox 335 260 1683 336; baseline 0.001 -19"><span class='ocrx_word' id='word_1_3' title='bbox 335 260 498 318; x_wconf 87' lang='lat' dir='ltr'><strong>dibus</strong></span> <span class='ocrx_word' id='word_1_4' title='bbox 528 280 668 336; x_wconf 88' lang='lat' dir='ltr'><strong>opus</strong></span> <span class='ocrx_word' id='word_1_5' title='bbox 709 262 865 318; x_wconf 90' lang='lat' dir='ltr'><strong>suum</strong></span> <span class='ocrx_word' id='word_1_6' title='bbox 908 262 1014 318; x_wconf 89' lang='lat' dir='ltr'><strong>aufi</strong></span> <span class='ocrx_word' id='word_1_7' title='bbox 1059 267 1381 322; x_wconf 88' lang='lat' dir='ltr'><strong>conmittere</strong></span> <span class='ocrx_word' id='word_1_8' title='bbox 1422 262 1683 322; x_wconf 86' lang='lat' dir='ltr'><strong>artifices:</strong></span> 
     </span>
     <span class='ocr_line' id='line_1_3' title="bbox 335 339 1689 412; baseline 0.004 -20"><span class='ocrx_word' id='word_1_9' title='bbox 335 341 472 412; x_wconf 90' lang='lat' dir='ltr'><strong>quin</strong></span> <span class='ocrx_word' id='word_1_10' title='bbox 514 355 566 392; x_wconf 92' lang='lat' dir='ltr'><strong>et</strong></span> <span class='ocrx_word' id='word_1_11' title='bbox 604 359 794 394; x_wconf 87' lang='lat' dir='ltr'><strong>manus</strong></span> <span class='ocrx_word' id='word_1_12' title='bbox 842 339 1029 394; x_wconf 89' lang='lat' dir='ltr'><strong>fulcris</strong></span> <span class='ocrx_word' id='word_1_13' title='bbox 1061 382 1075 408; x_wconf 86' lang='lat'>,</span> <span class='ocrx_word' id='word_1_14' title='bbox 1127 360 1193 395; x_wconf 90' lang='lat' dir='ltr'><strong>ne</strong></span> <span class='ocrx_word' id='word_1_15' title='bbox 1237 342 1689 408; x_wconf 84' lang='lat' dir='ltr'>conlaberentur,</span> 
     </span>
     <span class='ocr_line' id='line_1_4' title="bbox 333 416 1693 490; baseline 0.001 -20"><span class='ocrx_word' id='word_1_16' title='bbox 333 418 687 471; x_wconf 89' lang='lat' dir='ltr'><strong>muniverunt</strong></span> <span class='ocrx_word' id='word_1_17' title='bbox 722 437 738 480; x_wconf 87' lang='lat'>;</span> <span class='ocrx_word' id='word_1_18' title='bbox 780 417 855 470; x_wconf 91' lang='lat' dir='ltr'><strong>ita</strong></span> <span class='ocrx_word' id='word_1_19' title='bbox 892 417 1098 469; x_wconf 89' lang='lat' dir='ltr'><strong>Dianae</strong></span> <span class='ocrx_word' id='word_1_20' title='bbox 1122 416 1406 490; x_wconf 72' lang='lat' dir='ltr'><strong>Ephesiae,</strong></span> <span class='ocrx_word' id='word_1_21' title='bbox 1448 435 1498 471; x_wconf 93' lang='lat' dir='ltr'><strong>et</strong></span> <span class='ocrx_word' id='word_1_22' title='bbox 1527 424 1693 472; x_wconf 86' lang='lat' dir='ltr'><strong>luno·</strong></span> 
     </span>
     <span class='ocr_line' id='line_1_5' title="bbox 328 490 1689 567; baseline 0.002 -22"><span class='ocrx_word' id='word_1_23' title='bbox 328 493 412 547; x_wconf 87' lang='lat' dir='ltr'><strong>nis</strong></span> <span class='ocrx_word' id='word_1_24' title='bbox 443 492 649 548; x_wconf 84' lang='lat' dir='ltr'><strong>Samiae</strong></span> <span class='ocrx_word' id='word_1_25' title='bbox 682 490 835 547; x_wconf 88' lang='lat' dir='ltr'><strong>Idola</strong></span> <span class='ocrx_word' id='word_1_26' title='bbox 863 490 1108 546; x_wconf 78' lang='lat' dir='ltr'><strong>exstitisse</strong></span> <span class='ocrx_word' id='word_1_27' title='bbox 1142 492 1308 547; x_wconf 91' lang='lat' dir='ltr'><strong>credo</strong></span> <span class='ocrx_word' id='word_1_28' title='bbox 1343 536 1355 549; x_wconf 88' lang='lat'><strong>.</strong></span> <span class='ocrx_word' id='word_1_29' title='bbox 1401 494 1689 567; x_wconf 88' lang='lat' dir='ltr'><strong>Denique,</strong></span> 
     </span>
     <span class='ocr_line' id='line_1_6' title="bbox 329 566 1695 641; baseline -0.001 -17"><span class='ocrx_word' id='word_1_30' title='bbox 329 569 584 624; x_wconf 88' lang='lat' dir='ltr'><strong>statuaria</strong></span> <span class='ocrx_word' id='word_1_31' title='bbox 630 583 744 621; x_wconf 86' lang='lat' dir='ltr'><strong>arte</strong></span> <span class='ocrx_word' id='word_1_32' title='bbox 781 566 850 622; x_wconf 92' lang='lat' dir='ltr'><strong>ad</strong></span> <span class='ocrx_word' id='word_1_33' title='bbox 884 567 1268 641; x_wconf 67' lang='lat' dir='ltr'><strong>perfefiionem</strong></span> <span class='ocrx_word' id='word_1_34' title='bbox 1319 569 1545 622; x_wconf 65' lang='lat' dir='ltr'><strong>dedusta</strong></span> <span class='ocrx_word' id='word_1_35' title='bbox 1579 610 1593 634; x_wconf 82' lang='lat'>‚</span> <span class='ocrx_word' id='word_1_36' title='bbox 1634 568 1695 622; x_wconf 86' lang='lat' dir='ltr'><strong>fi-</strong></span> 
     </span>
     <span class='ocr_line' id='line_1_7' title="bbox 330 642 1693 714; baseline -0.001 -14"><span class='ocrx_word' id='word_1_37' title='bbox 330 646 573 700; x_wconf 86' lang='lat' dir='ltr'><strong>mulacra</strong></span> <span class='ocrx_word' id='word_1_38' title='bbox 612 642 935 698; x_wconf 80' lang='lat' dir='ltr'><strong>effinxerunt</strong></span> <span class='ocrx_word' id='word_1_39' title='bbox 957 683 970 709; x_wconf 87' lang='lat'>‚</span> <span class='ocrx_word' id='word_1_40' title='bbox 1011 644 1280 714; x_wconf 84' lang='lat' dir='ltr'><strong>integram</strong></span> <span class='ocrx_word' id='word_1_41' title='bbox 1309 645 1535 699; x_wconf 88' lang='lat' dir='ltr'><strong>humani</strong></span> <span class='ocrx_word' id='word_1_42' title='bbox 1571 663 1693 699; x_wconf 92' lang='lat' dir='ltr'><strong>cor-</strong></span> 
     </span>
     <span class='ocr_line' id='line_1_8' title="bbox 329 718 1132 796; baseline -0.004 -19"><span class='ocrx_word' id='word_1_43' title='bbox 329 723 479 796; x_wconf 87' lang='lat' dir='ltr'>poris</span> <span class='ocrx_word' id='word_1_44' title='bbox 523 719 755 791; x_wconf 87' lang='lat' dir='ltr'><strong>figuram</strong></span> <span class='ocrx_word' id='word_1_45' title='bbox 799 718 1088 774; x_wconf 88' lang='lat' dir='ltr'><strong>referentia</strong></span> <span class='ocrx_word' id='word_1_46' title='bbox 1119 761 1132 774; x_wconf 91' lang='lat'><strong>.</strong></span> 
     </span>
    </p>

    <p class='ocr_par' dir='ltr' id='par_1_3' title="bbox 321 794 1707 2319">
     <span class='ocr_line' id='line_1_9' title="bbox 443 794 1700 870; baseline 0 -22"><span class='ocrx_word' id='word_1_47' title='bbox 443 795 598 865; x_wconf 85' lang='lat' dir='ltr'><strong>Qid</strong></span> <span class='ocrx_word' id='word_1_48' title='bbox 639 835 652 860; x_wconf 88' lang='lat'>,</span> <span class='ocrx_word' id='word_1_49' title='bbox 693 795 728 850; x_wconf 88' lang='lat' dir='ltr'><strong>fi</strong></span> <span class='ocrx_word' id='word_1_50' title='bbox 761 795 910 868; x_wconf 90' lang='lat' dir='ltr'><strong>apud</strong></span> <span class='ocrx_word' id='word_1_51' title='bbox 960 798 1242 850; x_wconf 86' lang='lat' dir='ltr'><strong>Romanos</strong></span> <span class='ocrx_word' id='word_1_52' title='bbox 1289 816 1519 870; x_wconf 80' lang='lat' dir='ltr'><strong>quoque</strong></span> <span class='ocrx_word' id='word_1_53' title='bbox 1567 794 1700 850; x_wconf 84' lang='lat' dir='ltr'><strong>Ido-</strong></span> 
     </span>
     <span class='ocr_line' id='line_1_10' title="bbox 333 868 1694 943; baseline -0.002 -16"><span class='ocrx_word' id='word_1_54' title='bbox 333 872 518 927; x_wconf 88' lang='lat' dir='ltr'><strong>lorum</strong></span> <span class='ocrx_word' id='word_1_55' title='bbox 552 871 708 925; x_wconf 90' lang='lat' dir='ltr'><strong>initia</strong></span> <span class='ocrx_word' id='word_1_56' title='bbox 750 868 1020 943; x_wconf 86' lang='lat' dir='ltr'><strong>quaedam</strong></span> <span class='ocrx_word' id='word_1_57' title='bbox 1069 871 1136 925; x_wconf 88' lang='lat' dir='ltr'><strong>ad</strong></span> <span class='ocrx_word' id='word_1_58' title='bbox 1172 872 1318 927; x_wconf 87' lang='lat' dir='ltr'><strong>hunc</strong></span> <span class='ocrx_word' id='word_1_59' title='bbox 1350 874 1694 943; x_wconf 84' lang='lat' dir='ltr'><strong>Argivorum</strong></span> 
     </span>
     <span class='ocr_line' id='line_1_11' title="bbox 334 945 1701 1021; baseline -0.001 -19"><span class='ocrx_word' id='word_1_60' title='bbox 334 947 736 1002; x_wconf 87' lang='lat' dir='ltr'><strong>decorticatum</strong></span> <span class='ocrx_word' id='word_1_61' title='bbox 776 946 1011 1019; x_wconf 88' lang='lat' dir='ltr'><strong>stipitem</strong></span> <span class='ocrx_word' id='word_1_62' title='bbox 1052 950 1293 1003; x_wconf 89' lang='lat' dir='ltr'><strong>revocari</strong></span> <span class='ocrx_word' id='word_1_63' title='bbox 1336 947 1482 1021; x_wconf 90' lang='lat' dir='ltr'><strong>posse</strong></span> <span class='ocrx_word' id='word_1_64' title='bbox 1530 945 1701 1020; x_wconf 86' lang='lat' dir='ltr'><strong>suspi-</strong></span> 
     </span>
     <span class='ocr_line' id='line_1_12' title="bbox 328 1021 1701 1097; baseline -0.001 -18"><span class='ocrx_word' id='word_1_65' title='bbox 328 1024 563 1079; x_wconf 80' lang='lat' dir='ltr'><strong>cemur?</strong></span> <span class='ocrx_word' id='word_1_66' title='bbox 605 1027 741 1077; x_wconf 88' lang='lat' dir='ltr'><strong>Sane</strong></span> <span class='ocrx_word' id='word_1_67' title='bbox 773 1039 887 1075; x_wconf 89' lang='lat' dir='ltr'><strong>non</strong></span> <span class='ocrx_word' id='word_1_68' title='bbox 922 1021 988 1076; x_wconf 90' lang='lat' dir='ltr'><strong>de</strong></span> <span class='ocrx_word' id='word_1_69' title='bbox 1019 1024 1194 1077; x_wconf 90' lang='lat' dir='ltr'><strong>nihilo</strong></span> <span class='ocrx_word' id='word_1_70' title='bbox 1231 1025 1336 1090; x_wconf 86' lang='lat' dir='ltr'><strong>est,</strong></span> <span class='ocrx_word' id='word_1_71' title='bbox 1371 1023 1527 1097; x_wconf 87' lang='lat' dir='ltr'><strong>quod</strong></span> <span class='ocrx_word' id='word_1_72' title='bbox 1561 1026 1701 1080; x_wconf 86' lang='lat' dir='ltr'><strong>Sex·-</strong></span> 
     </span>
     <span class='ocr_line' id='line_1_13' title="bbox 325 1095 1702 1173; baseline -0.002 -18"><span class='ocrx_word' id='word_1_73' title='bbox 325 1118 413 1156; x_wconf 83' lang='lat' dir='ltr'><strong>tus</strong></span> <span class='ocrx_word' id='word_1_74' title='bbox 453 1103 710 1173; x_wconf 81' lang='lat' dir='ltr'><strong>Pompeius</strong></span> <span class='ocrx_word' id='word_1_75' title='bbox 744 1102 919 1166; x_wconf 79' lang='lat' dir='ltr'><strong>Festus</strong></span> <span class='ocrx_word' id='word_1_76' title='bbox 955 1095 1022 1153; x_wconf 90' lang='lat' dir='ltr'><strong>ab</strong></span> <span class='ocrx_word' id='word_1_77' title='bbox 1055 1102 1276 1153; x_wconf 86' lang='lat' dir='ltr'><strong>Antonio</strong></span> <span class='ocrx_word' id='word_1_78' title='bbox 1309 1103 1608 1172; x_wconf 84' lang='lat' dir='ltr'><strong>Augustinio</strong></span> <span class='ocrx_word' id='word_1_79' title='bbox 1642 1100 1702 1152; x_wconf 90' lang='lat' dir='ltr'><strong>in</strong></span> 
     </span>
     <span class='ocr_line' id='line_1_14' title="bbox 329 1172 1699 1250; baseline -0.004 -18"><span class='ocrx_word' id='word_1_80' title='bbox 329 1175 726 1250; x_wconf 86' lang='lat' dir='ltr'><strong>compendium</strong></span> <span class='ocrx_word' id='word_1_81' title='bbox 771 1172 1016 1229; x_wconf 73' lang='lat' dir='ltr'><strong>redaCtus</strong></span> <span class='ocrx_word' id='word_1_82' title='bbox 1051 1216 1062 1240; x_wconf 94' lang='lat'>‚</span> <span class='ocrx_word' id='word_1_83' title='bbox 1102 1174 1388 1231; x_wconf 84' lang='lat' dir='ltr'><strong>adnotavit</strong></span> <span class='ocrx_word' id='word_1_84' title='bbox 1423 1194 1434 1226; x_wconf 89' lang='grc'>;</span> <span class='ocrx_word' id='word_1_85' title='bbox 1477 1179 1699 1247; x_wconf 81' lang='lat' dir='ltr'><strong>Lignum</strong></span> 
     </span>
     <span class='ocr_line' id='line_1_15' title="bbox 326 1250 1704 1325; baseline -0.003 -17"><span class='ocrx_word' id='word_1_86' title='bbox 326 1255 689 1308; x_wconf 83' lang='lat' dir='ltr'><strong>decorticatum</strong></span> <span class='ocrx_word' id='word_1_87' title='bbox 718 1267 936 1306; x_wconf 70' lang='lat' dir='ltr'><strong>‘vocatur</strong></span> <span class='ocrx_word' id='word_1_88' title='bbox 964 1251 1248 1318; x_wconf 81' lang='lat' dir='ltr'><strong>delubrum,</strong></span> <span class='ocrx_word' id='word_1_89' title='bbox 1267 1250 1359 1324; x_wconf 89' lang='lat' dir='ltr'><strong>seu</strong></span> <span class='ocrx_word' id='word_1_90' title='bbox 1379 1255 1537 1325; x_wconf 83' lang='lat' dir='ltr'><strong>stipes</strong></span> <span class='ocrx_word' id='word_1_91' title='bbox 1570 1251 1704 1304; x_wconf 85' lang='lat' dir='ltr'><strong>deli-</strong></span> 
     </span>
     <span class='ocr_line' id='line_1_16' title="bbox 325 1325 1704 1402; baseline -0.005 -17"><span class='ocrx_word' id='word_1_92' title='bbox 325 1330 502 1385; x_wconf 84' lang='lat' dir='ltr'><strong>bratus</strong></span> <span class='ocrx_word' id='word_1_93' title='bbox 525 1368 538 1393; x_wconf 90' lang='lat'>‚</span> <span class='ocrx_word' id='word_1_94' title='bbox 575 1347 718 1402; x_wconf 84' lang='lat' dir='ltr'><strong>quem</strong></span> <span class='ocrx_word' id='word_1_95' title='bbox 746 1325 975 1382; x_wconf 85' lang='lat' dir='ltr'><strong>colebant</strong></span> <span class='ocrx_word' id='word_1_96' title='bbox 1010 1344 1219 1383; x_wconf 73' lang='lat' dir='ltr'><strong>‘veteres</strong></span> <span class='ocrx_word' id='word_1_97' title='bbox 1244 1365 1257 1381; x_wconf 89' lang='lat'><strong>.</strong></span> <span class='ocrx_word' id='word_1_98' title='bbox 1305 1326 1530 1381; x_wconf 89' lang='lat' dir='ltr'><strong>Librum</strong></span> <span class='ocrx_word' id='word_1_99' title='bbox 1570 1344 1704 1399; x_wconf 89' lang='lat' dir='ltr'><strong>por-</strong></span> 
     </span>
     <span class='ocr_line' id='line_1_17' title="bbox 326 1400 1704 1480; baseline -0.004 -19"><span class='ocrx_word' id='word_1_100' title='bbox 326 1424 394 1462; x_wconf 82' lang='lat' dir='ltr'><strong>ro</strong></span> <span class='ocrx_word' id='word_1_101' title='bbox 432 1423 535 1480; x_wconf 92' lang='lat' dir='ltr'><strong>pro</strong></span> <span class='ocrx_word' id='word_1_102' title='bbox 571 1402 776 1459; x_wconf 85' lang='lat' dir='ltr'><strong>cortice</strong></span> <span class='ocrx_word' id='word_1_103' title='bbox 805 1425 828 1468; x_wconf 91' lang='lat'><em>;</em></span> <span class='ocrx_word' id='word_1_104' title='bbox 867 1420 929 1456; x_wconf 89' lang='lat' dir='ltr'><strong>ac</strong></span> <span class='ocrx_word' id='word_1_105' title='bbox 969 1400 1235 1457; x_wconf 91' lang='lat' dir='ltr'><strong>delibrare</strong></span> <span class='ocrx_word' id='word_1_106' title='bbox 1271 1443 1285 1469; x_wconf 89' lang='lat'>‚</span> <span class='ocrx_word' id='word_1_107' title='bbox 1319 1401 1410 1458; x_wconf 90' lang='lat' dir='ltr'><strong>seu</strong></span> <span class='ocrx_word' id='word_1_108' title='bbox 1448 1401 1704 1457; x_wconf 83' lang='lat' dir='ltr'><strong>delubra·</strong></span> 
     </span>
     <span class='ocr_line' id='line_1_18' title="bbox 325 1475 1702 1555; baseline -0.002 -18"><span class='ocrx_word' id='word_1_109' title='bbox 325 1501 384 1538; x_wconf 91' lang='lat' dir='ltr'><strong>re</strong></span> <span class='ocrx_word' id='word_1_110' title='bbox 410 1521 424 1547; x_wconf 86' lang='lat'>‚</span> <span class='ocrx_word' id='word_1_111' title='bbox 468 1499 571 1555; x_wconf 90' lang='lat' dir='ltr'><strong>pro</strong></span> <span class='ocrx_word' id='word_1_112' title='bbox 608 1477 943 1534; x_wconf 86' lang='lat' dir='ltr'><strong>decorticare</strong></span> <span class='ocrx_word' id='word_1_113' title='bbox 974 1475 1147 1543; x_wconf 88' lang='lat' dir='ltr'><strong>sumi,</strong></span> <span class='ocrx_word' id='word_1_114' title='bbox 1187 1479 1472 1533; x_wconf 82' lang='lat' dir='ltr'><strong>Columella</strong></span> <span class='ocrx_word' id='word_1_115' title='bbox 1503 1477 1611 1532; x_wconf 84' lang='lat' dir='ltr'><strong>Lib.</strong></span> <span class='ocrx_word' id='word_1_116' title='bbox 1645 1481 1702 1535; x_wconf 85' lang='lat' dir='ltr'><strong>V.</strong></span> 
     </span>
     <span class='ocr_line' id='line_1_19' title="bbox 325 1550 1703 1631; baseline 0 -23"><span class='ocrx_word' id='word_1_117' title='bbox 325 1561 451 1631; x_wconf 86' lang='lat' dir='ltr'><strong>Cap.</strong></span> <span class='ocrx_word' id='word_1_118' title='bbox 492 1576 575 1611; x_wconf 85' lang='lat'><strong>11.</strong></span> <span class='ocrx_word' id='word_1_119' title='bbox 604 1572 705 1607; x_wconf 87' lang='lat' dir='ltr'><strong>nos</strong></span> <span class='ocrx_word' id='word_1_120' title='bbox 742 1552 905 1606; x_wconf 92' lang='lat' dir='ltr'><strong>docet</strong></span> <span class='ocrx_word' id='word_1_121' title='bbox 927 1594 940 1608; x_wconf 88' lang='lat'><strong>.</strong></span> <span class='ocrx_word' id='word_1_122' title='bbox 980 1550 1272 1607; x_wconf 90' lang='lat' dir='ltr'><strong>Consentit</strong></span> <span class='ocrx_word' id='word_1_123' title='bbox 1301 1552 1443 1607; x_wconf 85' lang='lat' dir='ltr'><strong>hisce</strong></span> <span class='ocrx_word' id='word_1_124' title='bbox 1474 1555 1703 1611; x_wconf 78' lang='lat' dir='ltr'><strong>Servius</strong></span> 
     </span>
     <span class='ocr_line' id='line_1_20' title="bbox 325 1624 1703 1702; baseline -0.003 -13"><span class='ocrx_word' id='word_1_125' title='bbox 325 1634 386 1689; x_wconf 83' lang='lat' dir='ltr'><strong>in</strong></span> <span class='ocrx_word' id='word_1_126' title='bbox 420 1631 560 1686; x_wconf 83' lang='lat' dir='ltr'><strong>illud</strong></span> <span class='ocrx_word' id='word_1_127' title='bbox 578 1628 792 1702; x_wconf 79' lang='lat' dir='ltr'><strong>Virgilii</strong></span> <span class='ocrx_word' id='word_1_128' title='bbox 813 1624 929 1684; x_wconf 89' lang='lat' dir='ltr'><strong>Lib.</strong></span> <span class='ocrx_word' id='word_1_129' title='bbox 959 1643 1042 1685; x_wconf 89' lang='lat' dir='ltr'><strong>1V.</strong></span> <span class='ocrx_word' id='word_1_130' title='bbox 1070 1632 1209 1683; x_wconf 89' lang='lat' dir='ltr'><strong>Aen.</strong></span> <span class='ocrx_word' id='word_1_131' title='bbox 1240 1629 1470 1684; x_wconf 84' lang='lat' dir='ltr'><strong>Delubra</strong></span> <span class='ocrx_word' id='word_1_132' title='bbox 1495 1629 1703 1686; x_wconf 81' lang='lat' dir='ltr'><strong>adeunt.</strong></span> 
     </span>
     <span class='ocr_line' id='line_1_21' title="bbox 327 1702 1707 1780; baseline -0.004 -17"><span class='ocrx_word' id='word_1_133' title='bbox 327 1712 582 1780; x_wconf 82' lang='lat' dir='ltr'><strong>Ligneum</strong></span> <span class='ocrx_word' id='word_1_134' title='bbox 626 1702 883 1758; x_wconf 82' lang='lat' dir='ltr'><strong>delubrum</strong></span> <span class='ocrx_word' id='word_1_135' title='bbox 921 1704 1131 1758; x_wconf 83' lang='lat' dir='ltr'><strong>dicimus</strong></span> <span class='ocrx_word' id='word_1_136' title='bbox 1168 1742 1183 1770; x_wconf 91' lang='lat'>‚</span> <span class='ocrx_word' id='word_1_137' title='bbox 1225 1723 1250 1756; x_wconf 90' lang='lat' dir='ltr'><strong>e</strong></span> <span class='ocrx_word' id='word_1_138' title='bbox 1290 1705 1417 1759; x_wconf 81' lang='lat' dir='ltr'><strong>libro</strong></span> <span class='ocrx_word' id='word_1_139' title='bbox 1450 1745 1464 1770; x_wconf 85' lang='lat'>,</span> <span class='ocrx_word' id='word_1_140' title='bbox 1517 1704 1600 1757; x_wconf 88' lang='lat' dir='ltr'><strong>hoc</strong></span> <span class='ocrx_word' id='word_1_141' title='bbox 1637 1707 1707 1775; x_wconf 80' lang='lat' dir='ltr'><strong>est</strong></span> 
     </span>
     <span class='ocr_line' id='line_1_22' title="bbox 327 1778 1705 1857; baseline -0.001 -22"><span class='ocrx_word' id='word_1_142' title='bbox 327 1783 444 1857; x_wconf 80' lang='lat' dir='ltr'><strong>raso</strong></span> <span class='ocrx_word' id='word_1_143' title='bbox 472 1783 617 1854; x_wconf 84' lang='lat' dir='ltr'><strong>ligno</strong></span> <span class='ocrx_word' id='word_1_144' title='bbox 641 1778 842 1855; x_wconf 70' lang='lat' dir='ltr'><strong>faflum</strong></span> <span class='ocrx_word' id='word_1_145' title='bbox 867 1817 882 1845; x_wconf 89' lang='lat'>‚</span> <span class='ocrx_word' id='word_1_146' title='bbox 923 1780 1058 1853; x_wconf 83' lang='lat' dir='ltr'><strong>quod</strong></span> <span class='ocrx_word' id='word_1_147' title='bbox 1072 1782 1264 1835; x_wconf 82' lang='lat' dir='ltr'><strong>Graece</strong></span> <span class='ocrx_word' id='word_1_148' title='bbox 1297 1782 1448 1842; x_wconf 73' lang='grc' dir='ltr'><em>ξόανον</em></span> <span class='ocrx_word' id='word_1_149' title='bbox 1481 1779 1705 1836; x_wconf 85' lang='lat' dir='ltr'><strong>dicitur.</strong></span> 
     </span>
     <span class='ocr_line' id='line_1_23' title="bbox 321 1852 1706 1930; baseline -0.004 -16"><span class='ocrx_word' id='word_1_150' title='bbox 321 1862 445 1915; x_wconf 90' lang='lat' dir='ltr'><strong>Cur</strong></span> <span class='ocrx_word' id='word_1_151' title='bbox 495 1875 626 1913; x_wconf 91' lang='lat' dir='ltr'><strong>vero</strong></span> <span class='ocrx_word' id='word_1_152' title='bbox 673 1852 970 1909; x_wconf 87' lang='lat' dir='ltr'><strong>delibratos</strong></span> <span class='ocrx_word' id='word_1_153' title='bbox 1003 1855 1206 1930; x_wconf 89' lang='lat' dir='ltr'><strong>stipites</strong></span> <span class='ocrx_word' id='word_1_154' title='bbox 1248 1854 1464 1909; x_wconf 90' lang='lat' dir='ltr'><strong>adirent</strong></span> <span class='ocrx_word' id='word_1_155' title='bbox 1491 1893 1505 1919; x_wconf 89' lang='lat'>,</span> <span class='ocrx_word' id='word_1_156' title='bbox 1556 1855 1706 1909; x_wconf 87' lang='lat' dir='ltr'><strong>cole-</strong></span> 
     </span>
     <span class='ocr_line' id='line_1_24' title="bbox 324 1929 1703 2007; baseline -0.004 -15"><span class='ocrx_word' id='word_1_157' title='bbox 324 1950 563 2007; x_wconf 81' lang='lat' dir='ltr'><strong>rentque</strong></span> <span class='ocrx_word' id='word_1_158' title='bbox 599 1930 840 1988; x_wconf 87' lang='lat' dir='ltr'><strong>Romani</strong></span> <span class='ocrx_word' id='word_1_159' title='bbox 874 1946 1076 1987; x_wconf 90' lang='lat' dir='ltr'><strong>veteres</strong></span> <span class='ocrx_word' id='word_1_160' title='bbox 1109 1972 1124 2000; x_wconf 87' lang='lat'>‚</span> <span class='ocrx_word' id='word_1_161' title='bbox 1165 1929 1261 1985; x_wconf 88' lang='lat' dir='ltr'><strong>nis1</strong></span> <span class='ocrx_word' id='word_1_162' title='bbox 1303 1929 1703 2004; x_wconf 84' lang='lat' dir='ltr'><strong>superstitionis</strong></span> 
     </span>
     <span class='ocr_line' id='line_1_25' title="bbox 323 2006 1703 2082; baseline -0.003 -16"><span class='ocrx_word' id='word_1_163' title='bbox 323 2011 603 2082; x_wconf 86' lang='lat' dir='ltr'><strong>originem</strong></span> <span class='ocrx_word' id='word_1_164' title='bbox 635 2050 649 2076; x_wconf 91' lang='lat'>,</span> <span class='ocrx_word' id='word_1_165' title='bbox 704 2022 766 2067; x_wconf 89' lang='lat' dir='ltr'><strong>ut</strong></span> <span class='ocrx_word' id='word_1_166' title='bbox 814 2007 918 2065; x_wconf 84' lang='lat' dir='ltr'><strong>alia</strong></span> <span class='ocrx_word' id='word_1_167' title='bbox 971 2006 1083 2066; x_wconf 87' lang='lat' dir='ltr'><strong>fere</strong></span> <span class='ocrx_word' id='word_1_168' title='bbox 1127 2006 1313 2065; x_wconf 88' lang='lat' dir='ltr'><strong>omnia</strong></span> <span class='ocrx_word' id='word_1_169' title='bbox 1343 2047 1358 2076; x_wconf 89' lang='lat'>,</span> <span class='ocrx_word' id='word_1_170' title='bbox 1402 2026 1433 2063; x_wconf 86' lang='lat' dir='ltr'><strong>a</strong></span> <span class='ocrx_word' id='word_1_171' title='bbox 1480 2007 1703 2062; x_wconf 85' lang='lat' dir='ltr'><strong>Graecis</strong></span> 
     </span>
     <span class='ocr_line' id='line_1_26' title="bbox 330 2085 950 2170; baseline 0.008 -9"><span class='ocrx_word' id='word_1_172' title='bbox 330 2085 637 2170; x_wconf 55' lang='lat' dir='ltr'><strong>habetem?</strong></span> <span class='ocrx_word' id='word_1_173' title='bbox 850 2148 853 2151; x_wconf 39' lang='lat'>&lt;</span> <span class='ocrx_word' id='word_1_174' title='bbox 932 2148 950 2166; x_wconf 70' lang='grc'><strong>-,</strong></span> 
     </span>
     <span class='ocr_line' id='line_1_27' title="bbox 840 2273 876 2319; baseline 0 -20"><span class='ocrx_word' id='word_1_175' title='bbox 840 2273 876 2319; x_wconf 51' lang='lat' dir='ltr'><strong>k&gt;</strong></span> 
     </span>
    </p>
   </div>
   <div class='ocr_carea' id='block_1_3' title="bbox 763 2280 963 2390">
    <p class='ocr_par' dir='ltr' id='par_1_4' title="bbox 763 2280 963 2390">
     <span class='ocr_line' id='line_1_28' title="bbox 763 2280 963 2390; baseline 0 0"><span class='ocrx_word' id='word_1_176' title='bbox 763 2280 840 2390; x_wconf 95' lang='lat' dir='ltr'><strong> </strong></span> <span class='ocrx_word' id='word_1_177' title='bbox 950 2280 963 2390; x_wconf 95' lang='lat' dir='ltr'><strong> </strong></span> 
     </span>
    </p>
   </div>
  </div>
 </body>
</html>
