1856 2901
533 167 800 207 NVMos
859 165 1165 206 VRBIVM
1408 175 1476 225 39

309 262 452 321 Illud
481 261 639 338 super
664 264 765 319 hac
795 266 1108 318 narratione
1130 305 1143 330 ‚
1175 265 1228 317 ὠς
1255 265 1299 315 ἐν
1322 267 1508 338 παρόδῳ
1529 305 1547 333 ,

196 340 571 397 animadverto
606 353 626 396 ‘2
691 351 863 413 quum
921 339 1322 394 vetustissimum
1380 339 1555 395 fuerit'

194 417 340 491 apud
375 420 610 470 Graecos
645 417 985 485 Argivorum
1021 419 1308 485 Regnum,
1345 433 1410 467 ex
1446 416 1549 471 hu-

191 493 274 547 ius
306 492 494 565 stipitis
512 531 525 556 ‚
560 492 613 541 in
635 491 865 562 Templo
887 491 1194 557 conlocati,
1220 507 1548 545 monumen-

192 584 285 632 το,
317 566 480 623 videri
508 603 521 629 ,
554 563 838 619 Idolorum
879 566 1151 636 originem
1195 565 1343 640 apud
1378 569 1549 620 Grae-

191 664 277 698 cas
318 638 576 715 quasdam
619 657 802 712 gentes
827 683 840 709 ‚
874 657 1042 714 atque
1083 641 1231 714 apud
1262 645 1547 697 Romanos

194 736 454 792 quoque,
489 714 705 771 fortaffe
747 716 978 771 derivari
1015 716 1159 790 poffe
1195 760 1207 773 .

302 797 440 847 Nam
478 792 711 865 stipiteS,
756 808 808 846 et
847 791 1106 846 informia
1152 794 1304 864 ligna
1351 788 1549 848 fuisse,

186 888 301 923 non
331 867 523 938 Lycaei
553 883 767 921 tantum
797 869 1072 941 Apollinis
1104 869 1252 943 apud
1278 870 1550 940 Argiv03‚

188 945 278 1001 sed
307 945 541 998 aliorum
574 962 800 1016 quoque
836 946 1188 999 Deastrorum
1222 945 1370 1018 apud
1412 945 1546 999 alias

187 1036 373 1093 gentes
415 1019 777 1092 antiquiffima
828 1019 971 1090 signa
1003 1060 1017 1085 ,
1070 1023 1333 1075 testantur
1382 1040 1552 1076 curn„

131 1156 136 1161 ,
186 1096 548 1151 Ethnicorum
588 1097 929 1170 Scriptorum
971 1095 1283 1168 complures
1316 1137 1328 1161 ,
1363 1112 1424 1149 ut
1463 1099 1551 1151 Vi-

187 1178 400 1228 truvius
446 1173 549 1230 Lib.
591 1175 685 1228 ΙΙΙ.
723 1174 924 1224 Plinius
961 1172 1346 1244 L2·h.eXXXVI.
1385 1175 1553 1226 Hero-

185 1248 366 1304 dianus
401 1247 508 1303 Lz'h.
544 1252 572 1303 I
581 1251 632 1302 V.
674 1247 966 1302 Athenaeus
1009 1246 1118 1301 Lib.
1169 1251 1315 1303 XIV.
1363 1245 1554 1320 Pausa-

184 1327 296 1379 nias
329 1321 578 1397 pluribus
610 1324 665 1376 in
696 1324 829 1378 locis
860 1339 869 1373 :
905 1337 1024 1375 tum
1061 1322 1356 1378 Christiani
1385 1324 1552 1379 etiam

187 1401 467 1454 auctores:
510 1417 572 1453 ut
604 1399 962 1454 Tertullianus
998 1401 1051 1451 iu
1083 1401 1350 1473 Apologet.
1389 1431 1439 1442 --
1475 1403 1552 1454 Et

187 1488 355 1529 tamen
388 1514 400 1539 ,
443 1491 630 1547 quanto
660 1478 1006 1545 >distinguitur·
1043 1494 1074 1529 a
1117 1479 1296 1530 Crucis
1330 1479 1550 1551 stipite,

183 1550 365 1605 Pallas
400 1553 622 1614 Attica,
674 1564 725 1602 et
775 1551 927 1600 Ceres
974 1548 1209 1616 Pharia,
1267 1573 1394 1625 quae
1429 1553 1551 1623 fine

183 1624 347 1699 effigie
397 1625 514 1696 rudi
548 1624 670 1698 palo
712 1662 727 1689 ‚
782 1639 834 1677 et
877 1624 1093 1697 informi
1132 1624 1276 1697 ligno
1308 1629 1552 1700 prostat?

177 1699 351 1773 Apud
380 1698 702 1754 Lafflantium
741 1716 970 1772 quoque
1008 1697 1115 1752 Lib.
1145 1704 1195 1754 I.
1230 1706 1396 1772 Instit.
1428 1706 1550 1776 Cap.

182 1796 270 1830 20.
307 1774 544 1846 legitur:
579 1778 718 1828 Deus
745 1777 1009 1832 Terminus
1038 1774 1171 1848 lapis
1191 1815 1204 1840 ,
1237 1793 1328 1830 aut
1352 1781 1543 1851 stipes.

177 1851 381 1908 Similia
419 1849 571 1904 Idola
598 1890 612 1916 ,
654 1869 795 1925 quae
829 1849 1058 1905 informi
1093 1851 1249 1922 ligno
1281 1893 1294 1919 ‚
1337 1866 1433 1905 aut
1466 1866 1550 1907 ta-

178 1927 309 1983 bula
340 1928 577 2000 primum
614 1928 919 1983 constarent
946 1970 960 1996 ,
1004 1942 1286 1981 enumerat
1311 1928 1549 1982 Clemens

178 2007 336 2061 Alex.
381 2007 437 2057 in
482 2007 839 2079 Protrepticot
883 2007 1011 2071 uti,
1058 2005 1269 2059 Dianae
1309 2004 1549 2072 Icariae,

180 2080 409 2136 Iunonis
437 2080 834 2135 Cithaeroneae
858 2119 872 2144 ,
910 2095 963 2135 et
994 2081 1204 2135 Samiae
1227 2123 1241 2137 .

297 2153 456 2211 Hisce
493 2156 549 2209 in
586 2154 854 2229 stipitibus
885 2197 898 2223 ,
950 2153 1215 2211 tabulisve
1258 2156 1549 2230 primum-2

183 2229 479 2287 humanam
515 2231 709 2286 faciem
738 2231 861 2286 rudi
900 2248 1067 2287 manu
1100 2231 1377 2287 ducebant
1401 2272 1415 2298 ,
1447 2245 1548 2286 aut

185 2305 464 2379 fingebant
493 2328 510 2373 ,-
560 2327 669 2381 qua
703 2309 916 2382 ratione
948 2309 1190 2363 Termini
1224 2350 1238 2376 ,
1275 2313 1544 2373 Hermae,

183 2384 402 2457 Canopi
434 2383 706 2440 fimulacra
747 2384 996 2440 confecta
1033 2384 1324 2440 videntur.
1372 2382 1547 2435 Dein-

184 2458 252 2516 de
288 2478 482 2518 manus
523 2479 750 2536 quoque
793 2460 1048 2518 addidere
1086 2503 1102 2532 ,
1148 2460 1398 2517 nondum
1448 2474 1546 2531 pe·-⁴

733 2540 786 2612 ,C
819 2559 854 2611 4
1311 2532 1471 2606 dibus
