<?xml version="1.0" encoding="UTF-8"?>
<!DOCTYPE html PUBLIC "-//W3C//DTD XHTML 1.0 Transitional//EN"
    "http://www.w3.org/TR/xhtml1/DTD/xhtml1-transitional.dtd">
<html xmlns="http://www.w3.org/1999/xhtml" xml:lang="en" lang="en">
 <head>
  <title>
</title>
<meta http-equiv="Content-Type" content="text/html;charset=utf-8" />
  <meta name='ocr-system' content='tesseract 3.04.00' />
  <meta name='ocr-capabilities' content='ocr_page ocr_carea ocr_par ocr_line ocrx_word'/>
</head>
<body>
  <div class='ocr_page' id='page_1' title='image "./litterariaeopusc07gori/litterariaeopusc07gori_0185.png"; bbox 0 0 1856 2901; ppageno 0'>
   <div class='ocr_carea' id='block_1_1' title="bbox 254 193 1396 253">
    <p class='ocr_par' dir='ltr' id='par_1_1' title="bbox 254 193 1396 253">
     <span class='ocr_line' id='line_1_1' title="bbox 254 193 1396 253; baseline -0.003 -14"><span class='ocrx_word' id='word_1_1' title='bbox 254 200 480 241; x_wconf 80' lang='lat' dir='ltr'><strong>INSCR.</strong></span> <span class='ocrx_word' id='word_1_2' title='bbox 511 193 1207 238; x_wconf 81' lang='lat' dir='ltr'>ANIMADVERSIONES</span> <span class='ocrx_word' id='word_1_3' title='bbox 1293 201 1396 253; x_wconf 80' lang='lat'>157</span> 
     </span>
    </p>
   </div>
   <div class='ocr_carea' id='block_1_2' title="bbox 94 292 1489 2022">
    <p class='ocr_par' dir='ltr' id='par_1_2' title="bbox 94 292 1489 2022">
     <span class='ocr_line' id='line_1_2' title="bbox 102 292 1471 369; baseline -0.004 -16"><span class='ocrx_word' id='word_1_4' title='bbox 102 297 360 369; x_wconf 83' lang='lat' dir='ltr'>syllabam</span> <span class='ocrx_word' id='word_1_5' title='bbox 417 306 605 362; x_wconf 85' lang='grc' dir='ltr'>ΠΡΟ,</span> <span class='ocrx_word' id='word_1_6' title='bbox 659 315 801 369; x_wconf 87' lang='lat' dir='ltr'>quae</span> <span class='ocrx_word' id='word_1_7' title='bbox 849 292 1194 369; x_wconf 86' lang='lat' dir='ltr'>corripienda</span> <span class='ocrx_word' id='word_1_8' title='bbox 1248 295 1471 362; x_wconf 79' lang='lat' dir='ltr'>fuerat,</span> 
     </span>
     <span class='ocr_line' id='line_1_3' title="bbox 101 371 1470 451; baseline -0.004 -21"><span class='ocrx_word' id='word_1_9' title='bbox 101 376 190 430; x_wconf 89' lang='lat' dir='ltr'>hic</span> <span class='ocrx_word' id='word_1_10' title='bbox 236 373 468 451; x_wconf 88' lang='lat' dir='ltr'>produci</span> <span class='ocrx_word' id='word_1_11' title='bbox 519 374 780 426; x_wconf 88' lang='lat' dir='ltr'>miremur</span> <span class='ocrx_word' id='word_1_12' title='bbox 826 393 843 437; x_wconf 79' lang='lat'>3</span> <span class='ocrx_word' id='word_1_13' title='bbox 899 390 1074 445; x_wconf 85' lang='lat' dir='ltr'>quum</span> <span class='ocrx_word' id='word_1_14' title='bbox 1124 371 1470 440; x_wconf 77' lang='lat' dir='ltr'>monosylla-</span> 
     </span>
     <span class='ocr_line' id='line_1_4' title="bbox 100 445 1473 522; baseline -0.003 -19"><span class='ocrx_word' id='word_1_15' title='bbox 100 450 214 515; x_wconf 83' lang='lat' dir='ltr'>ba,</span> <span class='ocrx_word' id='word_1_16' title='bbox 282 449 532 522; x_wconf 85' lang='lat' dir='ltr'>alioquin</span> <span class='ocrx_word' id='word_1_17' title='bbox 601 445 786 501; x_wconf 86' lang='lat' dir='ltr'>brevia</span> <span class='ocrx_word' id='word_1_18' title='bbox 827 486 842 513; x_wconf 86' lang='lat'>‚</span> <span class='ocrx_word' id='word_1_19' title='bbox 904 446 1193 520; x_wconf 75' lang='lat' dir='ltr'>saepissime</span> <span class='ocrx_word' id='word_1_20' title='bbox 1263 447 1473 519; x_wconf 83' lang='lat' dir='ltr'>produ·</span> 
     </span>
     <span class='ocr_line' id='line_1_5' title="bbox 100 520 1474 599; baseline -0.003 -20"><span class='ocrx_word' id='word_1_21' title='bbox 100 541 332 594; x_wconf 87' lang='lat' dir='ltr'>cantur;</span> <span class='ocrx_word' id='word_1_22' title='bbox 377 527 649 599; x_wconf 73' lang='lat' dir='ltr'>pluraque</span> <span class='ocrx_word' id='word_1_23' title='bbox 698 523 892 576; x_wconf 84' lang='lat' dir='ltr'>Graeci</span> <span class='ocrx_word' id='word_1_24' title='bbox 943 524 998 575; x_wconf 88' lang='lat' dir='ltr'>in</span> <span class='ocrx_word' id='word_1_25' title='bbox 1048 522 1308 578; x_wconf 85' lang='lat' dir='ltr'>varianda</span> <span class='ocrx_word' id='word_1_26' title='bbox 1366 520 1474 591; x_wconf 77' lang='lat' dir='ltr'>syl-</span> 
     </span>
     <span class='ocr_line' id='line_1_6' title="bbox 99 596 1473 673; baseline -0.004 -17"><span class='ocrx_word' id='word_1_27' title='bbox 99 601 348 657; x_wconf 85' lang='lat' dir='ltr'>labarum</span> <span class='ocrx_word' id='word_1_28' title='bbox 394 598 704 673; x_wconf 89' lang='lat' dir='ltr'>quantitate</span> <span class='ocrx_word' id='word_1_29' title='bbox 745 596 838 651; x_wconf 87' lang='lat' dir='ltr'>fibi</span> <span class='ocrx_word' id='word_1_30' title='bbox 886 599 1303 670; x_wconf 81' lang='lat' dir='ltr'>arrogaverint.</span> <span class='ocrx_word' id='word_1_31' title='bbox 1350 600 1473 671; x_wconf 88' lang='lat' dir='ltr'>Op-</span> 
     </span>
     <span class='ocr_line' id='line_1_7' title="bbox 102 673 1471 747; baseline -0.004 -17"><span class='ocrx_word' id='word_1_32' title='bbox 102 679 234 732; x_wconf 85' lang='lat' dir='ltr'>time</span> <span class='ocrx_word' id='word_1_33' title='bbox 264 695 391 733; x_wconf 87' lang='lat' dir='ltr'>vero</span> <span class='ocrx_word' id='word_1_34' title='bbox 437 673 644 747; x_wconf 86' lang='lat' dir='ltr'>Serapis</span> <span class='ocrx_word' id='word_1_35' title='bbox 682 675 1046 729; x_wconf 79' lang='lat' dir='ltr'>immortalium</span> <span class='ocrx_word' id='word_1_36' title='bbox 1078 679 1225 740; x_wconf 79' lang='lat' dir='ltr'>Rex,</span> <span class='ocrx_word' id='word_1_37' title='bbox 1249 692 1311 728; x_wconf 90' lang='lat' dir='ltr'>ac</span> <span class='ocrx_word' id='word_1_38' title='bbox 1346 690 1471 747; x_wconf 83' lang='lat' dir='ltr'>pro-</span> 
     </span>
     <span class='ocr_line' id='line_1_8' title="bbox 94 750 1474 827; baseline -0.004 -20"><span class='ocrx_word' id='word_1_39' title='bbox 94 757 304 827; x_wconf 81' lang='lat' dir='ltr'>genitor</span> <span class='ocrx_word' id='word_1_40' title='bbox 360 750 667 823; x_wconf 88' lang='lat' dir='ltr'>appellatur</span> <span class='ocrx_word' id='word_1_41' title='bbox 699 772 721 817; x_wconf 90' lang='lat'>,·</span> <span class='ocrx_word' id='word_1_42' title='bbox 777 768 953 821; x_wconf 89' lang='lat' dir='ltr'>quum</span> <span class='ocrx_word' id='word_1_43' title='bbox 1007 751 1238 804; x_wconf 88' lang='lat' dir='ltr'>Caelum</span> <span class='ocrx_word' id='word_1_44' title='bbox 1275 787 1290 813; x_wconf 83' lang='lat'>‚</span> <span class='ocrx_word' id='word_1_45' title='bbox 1356 767 1474 821; x_wconf 90' lang='lat' dir='ltr'>quo</span> 
     </span>
     <span class='ocr_line' id='line_1_9' title="bbox 104 825 1474 900; baseline -0.005 -18"><span class='ocrx_word' id='word_1_46' title='bbox 104 831 330 883; x_wconf 87' lang='lat' dir='ltr'>nomine</span> <span class='ocrx_word' id='word_1_47' title='bbox 379 825 659 900; x_wconf 84' lang='lat' dir='ltr'>Ofiridem,</span> <span class='ocrx_word' id='word_1_48' title='bbox 707 845 769 880; x_wconf 89' lang='lat' dir='ltr'>ac</span> <span class='ocrx_word' id='word_1_49' title='bbox 810 826 1108 899; x_wconf 81' lang='lat' dir='ltr'>Serapidem</span> <span class='ocrx_word' id='word_1_50' title='bbox 1156 825 1474 895; x_wconf 82' lang='lat' dir='ltr'>intelligen-</span> 
     </span>
     <span class='ocr_line' id='line_1_10' title="bbox 105 897 1480 975; baseline -0.005 -16"><span class='ocrx_word' id='word_1_51' title='bbox 105 904 241 959; x_wconf 90' lang='lat' dir='ltr'>dum</span> <span class='ocrx_word' id='word_1_52' title='bbox 301 901 400 958; x_wconf 90' lang='lat' dir='ltr'>esse</span> <span class='ocrx_word' id='word_1_53' title='bbox 455 897 560 955; x_wconf 86' lang='lat' dir='ltr'>iam</span> <span class='ocrx_word' id='word_1_54' title='bbox 606 902 840 966; x_wconf 85' lang='lat' dir='ltr'>monui,</span> <span class='ocrx_word' id='word_1_55' title='bbox 893 904 1145 956; x_wconf 83' lang='lat' dir='ltr'>Deorum</span> <span class='ocrx_word' id='word_1_56' title='bbox 1209 903 1420 975; x_wconf 79' lang='lat' dir='ltr'>primus</span> <span class='ocrx_word' id='word_1_57' title='bbox 1463 939 1480 966; x_wconf 87' lang='lat'><strong>,</strong></span> 
     </span>
     <span class='ocr_line' id='line_1_11' title="bbox 109 974 1478 1054; baseline -0.005 -19"><span class='ocrx_word' id='word_1_58' title='bbox 109 996 278 1054; x_wconf 89' lang='lat' dir='ltr'>atque</span> <span class='ocrx_word' id='word_1_59' title='bbox 331 974 729 1050; x_wconf 84' lang='lat' dir='ltr'>antiquiffimus</span> <span class='ocrx_word' id='word_1_60' title='bbox 780 974 1117 1034; x_wconf 88' lang='lat' dir='ltr'>haberetur.</span> <span class='ocrx_word' id='word_1_61' title='bbox 1172 982 1248 1031; x_wconf 91' lang='lat' dir='ltr'>At</span> <span class='ocrx_word' id='word_1_62' title='bbox 1293 994 1478 1048; x_wconf 87' lang='lat' dir='ltr'>neque</span> 
     </span>
     <span class='ocr_line' id='line_1_12' title="bbox 106 1051 1481 1130; baseline -0.007 -18"><span class='ocrx_word' id='word_1_63' title='bbox 106 1057 375 1130; x_wconf 77' lang='lat' dir='ltr'>Serapidis</span> <span class='ocrx_word' id='word_1_64' title='bbox 426 1054 635 1120; x_wconf 88' lang='lat' dir='ltr'>solum,</span> <span class='ocrx_word' id='word_1_65' title='bbox 676 1051 766 1107; x_wconf 88' lang='lat' dir='ltr'>sed</span> <span class='ocrx_word' id='word_1_66' title='bbox 805 1054 991 1127; x_wconf 79' lang='lat' dir='ltr'><em>Apidis</em></span> <span class='ocrx_word' id='word_1_67' title='bbox 1039 1054 1205 1108; x_wconf 82' lang='lat' dir='ltr'>etiam</span> <span class='ocrx_word' id='word_1_68' title='bbox 1249 1054 1481 1106; x_wconf 86' lang='lat' dir='ltr'>nomine</span> 
     </span>
     <span class='ocr_line' id='line_1_13' title="bbox 105 1128 1482 1206; baseline -0.002 -22"><span class='ocrx_word' id='word_1_69' title='bbox 105 1134 266 1204; x_wconf 76' lang='lat' dir='ltr'>Osiris</span> <span class='ocrx_word' id='word_1_70' title='bbox 312 1129 733 1206; x_wconf 88' lang='lat' dir='ltr'>appellabatur;</span> <span class='ocrx_word' id='word_1_71' title='bbox 776 1128 1030 1201; x_wconf 88' lang='lat' dir='ltr'>adeoque</span> <span class='ocrx_word' id='word_1_72' title='bbox 1071 1147 1249 1184; x_wconf 90' lang='lat' dir='ltr'>unum</span> <span class='ocrx_word' id='word_1_73' title='bbox 1305 1128 1482 1182; x_wconf 85' lang='lat' dir='ltr'>idem-</span> 
     </span>
     <span class='ocr_line' id='line_1_14' title="bbox 108 1206 1483 1280; baseline -0.004 -20"><span class='ocrx_word' id='word_1_74' title='bbox 108 1226 218 1279; x_wconf 89' lang='lat' dir='ltr'>que</span> <span class='ocrx_word' id='word_1_75' title='bbox 287 1209 589 1262; x_wconf 81' lang='lat' dir='ltr'>maximum</span> <span class='ocrx_word' id='word_1_76' title='bbox 650 1209 874 1259; x_wconf 88' lang='lat' dir='ltr'>Numen</span> <span class='ocrx_word' id='word_1_77' title='bbox 922 1220 975 1259; x_wconf 91' lang='lat' dir='ltr'>et</span> <span class='ocrx_word' id='word_1_78' title='bbox 1022 1211 1151 1280; x_wconf 80' lang='lat' dir='ltr'>Apis</span> <span class='ocrx_word' id='word_1_79' title='bbox 1191 1245 1204 1271; x_wconf 86' lang='lat'>,</span> <span class='ocrx_word' id='word_1_80' title='bbox 1243 1221 1296 1259; x_wconf 87' lang='lat' dir='ltr'>et</span> <span class='ocrx_word' id='word_1_81' title='bbox 1345 1206 1483 1278; x_wconf 84' lang='lat' dir='ltr'>Iupi-</span> 
     </span>
     <span class='ocr_line' id='line_1_15' title="bbox 110 1279 1484 1358; baseline -0.004 -21"><span class='ocrx_word' id='word_1_82' title='bbox 110 1300 192 1337; x_wconf 83' lang='lat' dir='ltr'>ter</span> <span class='ocrx_word' id='word_1_83' title='bbox 220 1323 235 1350; x_wconf 83' lang='lat'>,</span> <span class='ocrx_word' id='word_1_84' title='bbox 296 1299 348 1338; x_wconf 89' lang='lat' dir='ltr'>et</span> <span class='ocrx_word' id='word_1_85' title='bbox 377 1286 585 1358; x_wconf 83' lang='lat' dir='ltr'>Serapis</span> <span class='ocrx_word' id='word_1_86' title='bbox 628 1279 964 1337; x_wconf 87' lang='lat' dir='ltr'>vocabatur.</span> <span class='ocrx_word' id='word_1_87' title='bbox 1009 1286 1086 1336; x_wconf 88' lang='lat' dir='ltr'>At</span> <span class='ocrx_word' id='word_1_88' title='bbox 1132 1279 1262 1334; x_wconf 89' lang='lat' dir='ltr'>inde</span> <span class='ocrx_word' id='word_1_89' title='bbox 1306 1296 1484 1345; x_wconf 86' lang='lat' dir='ltr'>certe,</span> 
     </span>
     <span class='ocr_line' id='line_1_16' title="bbox 109 1353 1484 1431; baseline -0.001 -21"><span class='ocrx_word' id='word_1_90' title='bbox 109 1353 173 1411; x_wconf 77' lang='lat' dir='ltr'>u&#39;t</span> <span class='ocrx_word' id='word_1_91' title='bbox 231 1359 288 1411; x_wconf 87' lang='lat' dir='ltr'>id</span> <span class='ocrx_word' id='word_1_92' title='bbox 339 1358 519 1413; x_wconf 88' lang='lat' dir='ltr'>obiter</span> <span class='ocrx_word' id='word_1_93' title='bbox 572 1375 825 1412; x_wconf 89' lang='lat' dir='ltr'>moneam</span> <span class='ocrx_word' id='word_1_94' title='bbox 865 1395 879 1421; x_wconf 87' lang='lat'>,</span> <span class='ocrx_word' id='word_1_95' title='bbox 932 1357 1318 1431; x_wconf 76' lang='lat' dir='ltr'>explicandam</span> <span class='ocrx_word' id='word_1_96' title='bbox 1390 1375 1484 1409; x_wconf 75' lang='lat' dir='ltr'>ex-</span> 
     </span>
     <span class='ocr_line' id='line_1_17' title="bbox 115 1431 1483 1507; baseline -0.002 -21"><span class='ocrx_word' id='word_1_97' title='bbox 115 1434 297 1487; x_wconf 87' lang='lat' dir='ltr'>istimo</span> <span class='ocrx_word' id='word_1_98' title='bbox 330 1438 591 1489; x_wconf 87' lang='lat' dir='ltr'>Gemmae</span> <span class='ocrx_word' id='word_1_99' title='bbox 635 1431 1053 1506; x_wconf 85' lang='lat' dir='ltr'>inscription-em</span> <span class='ocrx_word' id='word_1_100' title='bbox 1075 1473 1090 1499; x_wconf 86' lang='lat'>,</span> <span class='ocrx_word' id='word_1_101' title='bbox 1131 1451 1275 1507; x_wconf 88' lang='lat' dir='ltr'>quae</span> <span class='ocrx_word' id='word_1_102' title='bbox 1308 1432 1483 1485; x_wconf 64' lang='lat' dir='ltr'>doctis</span> 
     </span>
     <span class='ocr_line' id='line_1_18' title="bbox 113 1506 1481 1582; baseline -0.003 -19"><span class='ocrx_word' id='word_1_103' title='bbox 113 1509 240 1563; x_wconf 88' lang='lat' dir='ltr'>viris</span> <span class='ocrx_word' id='word_1_104' title='bbox 289 1509 543 1563; x_wconf 66' lang='lat' dir='ltr'>hactenus</span> <span class='ocrx_word' id='word_1_105' title='bbox 614 1507 877 1581; x_wconf 88' lang='lat' dir='ltr'>imposuit</span> <span class='ocrx_word' id='word_1_106' title='bbox 911 1550 924 1563; x_wconf 86' lang='lat'><strong>.</strong></span> <span class='ocrx_word' id='word_1_107' title='bbox 977 1508 1150 1582; x_wconf 84' lang='lat' dir='ltr'>Apud</span> <span class='ocrx_word' id='word_1_108' title='bbox 1204 1506 1481 1563; x_wconf 84' lang='lat' dir='ltr'>Causeum</span> 
     </span>
     <span class='ocr_line' id='line_1_19' title="bbox 114 1578 1485 1657; baseline -0.002 -20"><span class='ocrx_word' id='word_1_109' title='bbox 114 1587 172 1637; x_wconf 87' lang='lat' dir='ltr'>in</span> <span class='ocrx_word' id='word_1_110' title='bbox 218 1589 435 1640; x_wconf 84' lang='lat' dir='ltr'>Romano</span> <span class='ocrx_word' id='word_1_111' title='bbox 481 1582 656 1657; x_wconf 85' lang='lat' dir='ltr'>Museo</span> <span class='ocrx_word' id='word_1_112' title='bbox 693 1583 827 1641; x_wconf 56' lang='lat' dir='ltr'>Sea.</span> <span class='ocrx_word' id='word_1_113' title='bbox 875 1587 928 1639; x_wconf 91' lang='lat' dir='ltr'>I.</span> <span class='ocrx_word' id='word_1_114' title='bbox 959 1585 1094 1640; x_wconf 77' lang='lat' dir='ltr'>Tah.</span> <span class='ocrx_word' id='word_1_115' title='bbox 1123 1592 1215 1655; x_wconf 86' lang='lat'>63.</span> <span class='ocrx_word' id='word_1_116' title='bbox 1261 1578 1485 1638; x_wconf 84' lang='lat' dir='ltr'>Numen</span> 
     </span>
     <span class='ocr_line' id='line_1_20' title="bbox 115 1657 1482 1733; baseline -0.002 -19"><span class='ocrx_word' id='word_1_117' title='bbox 115 1660 401 1733; x_wconf 84' lang='lat' dir='ltr'>quoddam</span> <span class='ocrx_word' id='word_1_118' title='bbox 436 1664 698 1714; x_wconf 88' lang='lat' dir='ltr'>Gemmae</span> <span class='ocrx_word' id='word_1_119' title='bbox 734 1657 1072 1732; x_wconf 83' lang='lat' dir='ltr'>insculptum</span> <span class='ocrx_word' id='word_1_120' title='bbox 1104 1657 1447 1732; x_wconf 89' lang='lat' dir='ltr'>conspicitur</span> <span class='ocrx_word' id='word_1_121' title='bbox 1469 1697 1482 1723; x_wconf 91' lang='lat'>,</span> 
     </span>
     <span class='ocr_line' id='line_1_21' title="bbox 115 1731 1489 1809; baseline -0.002 -19"><span class='ocrx_word' id='word_1_122' title='bbox 115 1736 272 1809; x_wconf 89' lang='lat' dir='ltr'>quod</span> <span class='ocrx_word' id='word_1_123' title='bbox 303 1736 551 1791; x_wconf 86' lang='lat' dir='ltr'>modium</span> <span class='ocrx_word' id='word_1_124' title='bbox 592 1735 759 1808; x_wconf 89' lang='lat' dir='ltr'>capiti</span> <span class='ocrx_word' id='word_1_125' title='bbox 805 1733 1152 1809; x_wconf 85' lang='lat' dir='ltr'>impofitum,</span> <span class='ocrx_word' id='word_1_126' title='bbox 1179 1731 1489 1808; x_wconf 82' lang='lat' dir='ltr'>sceptrum-</span> 
     </span>
     <span class='ocr_line' id='line_1_22' title="bbox 117 1809 1487 1885; baseline -0.001 -19"><span class='ocrx_word' id='word_1_127' title='bbox 117 1832 227 1885; x_wconf 91' lang='lat' dir='ltr'>que</span> <span class='ocrx_word' id='word_1_128' title='bbox 274 1813 496 1868; x_wconf 80' lang='lat' dir='ltr'>dextera</span> <span class='ocrx_word' id='word_1_129' title='bbox 545 1813 728 1885; x_wconf 85' lang='lat' dir='ltr'>gerit;</span> <span class='ocrx_word' id='word_1_130' title='bbox 774 1810 981 1884; x_wconf 89' lang='lat' dir='ltr'>ipfique</span> <span class='ocrx_word' id='word_1_131' title='bbox 1031 1829 1178 1885; x_wconf 88' lang='lat' dir='ltr'>pone</span> <span class='ocrx_word' id='word_1_132' title='bbox 1219 1809 1487 1864; x_wconf 82' lang='lat' dir='ltr'>finistrum</span> 
     </span>
     <span class='ocr_line' id='line_1_23' title="bbox 115 1886 1485 1963; baseline -0.001 -22"><span class='ocrx_word' id='word_1_133' title='bbox 115 1887 312 1961; x_wconf 83' lang='lat' dir='ltr'>pedem</span> <span class='ocrx_word' id='word_1_134' title='bbox 360 1890 555 1963; x_wconf 87' lang='lat' dir='ltr'>triceps</span> <span class='ocrx_word' id='word_1_135' title='bbox 608 1888 811 1942; x_wconf 83' lang='lat' dir='ltr'>animal</span> <span class='ocrx_word' id='word_1_136' title='bbox 864 1902 960 1941; x_wconf 89' lang='lat' dir='ltr'>aut</span> <span class='ocrx_word' id='word_1_137' title='bbox 1007 1888 1154 1942; x_wconf 86' lang='lat' dir='ltr'>canis</span> <span class='ocrx_word' id='word_1_138' title='bbox 1197 1886 1485 1952; x_wconf 85' lang='lat' dir='ltr'>adhaeret,</span> 
     </span>
     <span class='ocr_line' id='line_1_24' title="bbox 117 1961 1487 2022; baseline -0.002 -5"><span class='ocrx_word' id='word_1_139' title='bbox 117 1982 244 2018; x_wconf 91' lang='lat' dir='ltr'>cum</span> <span class='ocrx_word' id='word_1_140' title='bbox 298 1963 378 2022; x_wconf 86' lang='lat' dir='ltr'>his</span> <span class='ocrx_word' id='word_1_141' title='bbox 425 1961 826 2020; x_wconf 63' lang='lat' dir='ltr'>characteribus</span> <span class='ocrx_word' id='word_1_142' title='bbox 876 1964 934 2016; x_wconf 88' lang='lat' dir='ltr'>in</span> <span class='ocrx_word' id='word_1_143' title='bbox 984 1961 1176 2018; x_wconf 87' lang='lat' dir='ltr'>orbem</span> <span class='ocrx_word' id='word_1_144' title='bbox 1235 1961 1348 2016; x_wconf 87' lang='lat' dir='ltr'>fere</span> <span class='ocrx_word' id='word_1_145' title='bbox 1401 1962 1487 2014; x_wconf 87' lang='lat' dir='ltr'>di·</span> 
     </span>
    </p>
   </div>
   <div class='ocr_carea' id='block_1_3' title="bbox 119 2038 1210 2212">
    <p class='ocr_par' dir='ltr' id='par_1_3' title="bbox 119 2038 1210 2212">
     <span class='ocr_line' id='line_1_25' title="bbox 119 2038 369 2114; baseline 0.008 -21"><span class='ocrx_word' id='word_1_146' title='bbox 119 2038 369 2114; x_wconf 73' lang='lat' dir='ltr'>spofitis‘.</span> 
     </span>
     <span class='ocr_line' id='line_1_26' title="bbox 403 2162 1210 2212; baseline 0.007 -10"><span class='ocrx_word' id='word_1_147' title='bbox 403 2162 549 2208; x_wconf 74' lang='lat' dir='ltr'>mle</span> <span class='ocrx_word' id='word_1_148' title='bbox 615 2164 805 2209; x_wconf 80' lang='lat' dir='ltr'>ZETC</span> <span class='ocrx_word' id='word_1_149' title='bbox 868 2164 1210 2212; x_wconf 81' lang='lat' dir='ltr'>CAPAHIC</span> 
     </span>
    </p>
   </div>
   <div class='ocr_carea' id='block_1_4' title="bbox 120 2264 1490 2626">
    <p class='ocr_par' dir='ltr' id='par_1_4' title="bbox 120 2264 1490 2573">
     <span class='ocr_line' id='line_1_27' title="bbox 275 2264 1484 2343; baseline -0.004 -19"><span class='ocrx_word' id='word_1_150' title='bbox 275 2264 517 2324; x_wconf 88' lang='lat' dir='ltr'>Causeus</span> <span class='ocrx_word' id='word_1_151' title='bbox 570 2269 626 2322; x_wconf 91' lang='lat' dir='ltr'>in</span> <span class='ocrx_word' id='word_1_152' title='bbox 688 2270 870 2343; x_wconf 89' lang='lat' dir='ltr'>primo</span> <span class='ocrx_word' id='word_1_153' title='bbox 914 2267 1257 2335; x_wconf 57' lang='lat' dir='ltr'>charactere,</span> <span class='ocrx_word' id='word_1_154' title='bbox 1310 2264 1484 2323; x_wconf 87' lang='lat' dir='ltr'>veluti</span> 
     </span>
     <span class='ocr_line' id='line_1_28' title="bbox 120 2340 1488 2418; baseline -0.004 -19"><span class='ocrx_word' id='word_1_155' title='bbox 120 2343 251 2417; x_wconf 83' lang='lat' dir='ltr'>figla</span> <span class='ocrx_word' id='word_1_156' title='bbox 305 2344 542 2418; x_wconf 84' lang='lat' dir='ltr'>quadam</span> <span class='ocrx_word' id='word_1_157' title='bbox 571 2387 584 2412; x_wconf 89' lang='lat'>,</span> <span class='ocrx_word' id='word_1_158' title='bbox 630 2365 819 2400; x_wconf 88' lang='lat' dir='ltr'>vocem</span> <span class='ocrx_word' id='word_1_159' title='bbox 863 2356 1269 2412; x_wconf 75' lang='lat' dir='ltr'>MEI&#39;ICTOC‚</span> <span class='ocrx_word' id='word_1_160' title='bbox 1315 2360 1367 2398; x_wconf 89' lang='lat' dir='ltr'>et</span> <span class='ocrx_word' id='word_1_161' title='bbox 1409 2340 1488 2395; x_wconf 86' lang='lat' dir='ltr'>se·</span> 
     </span>
     <span class='ocr_line' id='line_1_29' title="bbox 122 2419 1488 2496; baseline -0.004 -21"><span class='ocrx_word' id='word_1_162' title='bbox 122 2419 311 2475; x_wconf 88' lang='lat' dir='ltr'>cundo</span> <span class='ocrx_word' id='word_1_163' title='bbox 364 2424 639 2496; x_wconf 88' lang='lat' dir='ltr'>tertioque</span> <span class='ocrx_word' id='word_1_164' title='bbox 687 2438 759 2475; x_wconf 79' lang='lat' dir='ltr'>Ic</span> <span class='ocrx_word' id='word_1_165' title='bbox 817 2441 1006 2477; x_wconf 86' lang='lat' dir='ltr'>vocem</span> <span class='ocrx_word' id='word_1_166' title='bbox 1072 2438 1246 2476; x_wconf 80' lang='lat' dir='ltr'>ICOC</span> <span class='ocrx_word' id='word_1_167' title='bbox 1296 2419 1488 2473; x_wconf 84' lang='lat' dir='ltr'>delite-</span> 
     </span>
     <span class='ocr_line' id='line_1_30' title="bbox 126 2495 1490 2573; baseline -0.005 -21"><span class='ocrx_word' id='word_1_168' title='bbox 126 2495 268 2552; x_wconf 85' lang='lat' dir='ltr'>scere</span> <span class='ocrx_word' id='word_1_169' title='bbox 301 2498 662 2564; x_wconf 71' lang='lat' dir='ltr'>existimavit3</span> <span class='ocrx_word' id='word_1_170' title='bbox 700 2500 952 2573; x_wconf 85' lang='lat' dir='ltr'>adeoque</span> <span class='ocrx_word' id='word_1_171' title='bbox 987 2499 1123 2570; x_wconf 79' lang='lat' dir='ltr'>legit</span> <span class='ocrx_word' id='word_1_172' title='bbox 1160 2507 1490 2552; x_wconf 78' lang='lat' dir='ltr'>CAPAHIC</span> 
     </span>
    </p>

    <p class='ocr_par' dir='ltr' id='par_1_5' title="bbox 1292 2586 1414 2626">
     <span class='ocr_line' id='line_1_31' title="bbox 1292 2586 1414 2626; baseline -0.025 0"><span class='ocrx_word' id='word_1_173' title='bbox 1292 2586 1414 2626; x_wconf 77' lang='lat' dir='ltr'>ME-</span> 
     </span>
    </p>
   </div>
  </div>
 </body>
</html>
