1856 2901
542 156 811 200 Nvmos
886 155 1199 197 vssssrvm
1403 168 1477 217 99

214 260 289 313 ita
336 256 465 313 haec
510 273 739 329 quoque
786 271 901 308 non
939 251 1032 307 nisi
1082 254 1138 307 in
1183 257 1416 324 Augusti
1459 257 1558 310 ho-

209 351 400 387 norem
444 330 689 388 obtinuit
727 349 738 383 :
785 346 953 403 atque
996 329 1168 394 ade0‚
1212 344 1306 383 aut
1345 333 1555 386 vivente

207 408 388 463 adhuc
438 408 723 480 August0‚
779 420 874 458 aut
926 405 1127 459 recenti
1170 404 1282 458 eius
1326 404 1556 460 durante

209 486 473 540 memoria
504 526 517 539 .
564 479 865 535 Archelaus
911 498 1039 534 vero
1089 477 1362 535 beneficiis
1403 497 1554 550 egre-

206 559 308 630 giis
337 561 406 614 est
446 556 513 612 ab
548 556 801 626 Augusto
832 556 1178 620 cumulatus;
1218 574 1391 628 quum
1435 572 1551 608 non

207 633 378 688 modo
425 630 492 687 ab
533 631 790 684 Antonio
837 629 992 696 data,
1023 631 1110 697 ei,
1154 644 1206 684 et
1249 636 1555 701 Amyntae,

203 707 329 764 solis
361 704 663 781 permiserit
701 705 897 762 Caesar
931 707 1233 780 Augustus:
1264 704 1419 780 quod
1460 708 1559 759 Dio

206 783 321 839 Lib.
389 788 499 840 LI.
557 780 721 836 refert
758 799 770 833 z
836 797 1026 836 verum
1094 783 1257 836 etiam
1325 781 1552 836 Ciliciae

201 873 353 933 parte
383 901 396 926 ,
445 874 498 914 et
540 858 798 912 Armenia
857 859 1068 912 minore
1128 856 1412 912 donaverit
1439 897 1453 922 ,
1493 869 1555 909 ut

204 935 349 988 idem
402 938 503 989 Dio
546 933 667 990 Lib.
721 937 854 987 LIV.
908 931 1194 1007 perhibet.
1251 931 1550 988 Archelaus

198 1028 369 1083 porro
399 1027 546 1064 anno
586 1029 614 1064 a
644 1025 821 1062 morte
857 1011 1090 1080 Augusti
1124 1024 1358 1082 quarm,
1391 1012 1454 1063 V.
1490 1009 1555 1063 C.

203 1105 326 1154 770.
364 1085 587 1140 Tiberio
640 1086 983 1158 imperante,
1031 1082 1235 1156 ipfique
1285 1079 1504 1136 infenso
1543 1122 1555 1147 ‚

201 1163 412 1215 Romae
466 1158 746 1215 accusatus
782 1201 796 1227 ‚
844 1161 1008 1230 finem
1067 1164 1262 1223 vitae,
1312 1173 1374 1211 ut
1430 1175 1555 1211 cum

197 1239 374 1290 Tacito
420 1238 543 1291 Lib.
581 1239 658 1292 II.
713 1236 922 1292 Annal.
951 1236 1185 1307 loquar,
1215 1231 1427 1307 sponte,
1458 1249 1548 1288 aut

194 1313 318 1386 fato
386 1313 672 1385 implevit.
732 1309 1119 1364 Dubitandum
1162 1310 1335 1380 igitur
1394 1308 1554 1362 nullo

204 1385 374 1439 niodo
418 1385 655 1441 arbitror
686 1427 699 1451 ,
754 1385 1086 1444 Archelaum
1134 1383 1310 1458 ipsum
1359 1384 1557 1439 Elaeu-

204 1460 313 1516 sam
369 1458 518 1515 suam
566 1462 791 1530 Sebastes
841 1460 1176 1531 cognomine
1223 1456 1508 1533 adpellaffe
1546 1499 1558 1514 .

354 1535 525 1603 Qod
575 1554 705 1590 vero
751 1533 944 1588 Strabo
975 1574 993 1600 „
1043 1535 1139 1607 qui
1186 1531 1285 1587 sub
1329 1532 1553 1590 Tiberio

203 1609 404 1684 scripfit
433 1652 447 1677 ,
511 1609 676 1665 solius
722 1609 965 1665 nominis:
1007 1606 1265 1665 Elaeusae
1318 1609 1557 1666 mentio·

203 1704 325 1740 nem
368 1686 531 1740 faciat
565 1728 581 1753 ,
627 1685 757 1739 inde
815 1685 1019 1739 factum
1069 1684 1286 1741 videtur
1331 1704 1352 1751 g
1408 1682 1563 1757 quod

203 1760 301 1816 sub
369 1762 590 1816 initium
655 1776 809 1816 vetus
858 1777 1063 1815 nomen
1118 1757 1365 1831 Elaeusae
1424 1761 1556 1814 loco

201 1838 450 1910 principe
477 1879 490 1903 ,
534 1838 616 1891 uti
661 1838 838 1891 noster
896 1853 1101 1890 numus·
1159 1836 1382 1891 testatur
1411 1875 1424 1901 ,
1469 1854 1557 1889 re-

203 1927 416 1966 tentum
466 1911 527 1968 sit
557 1953 571 1978 ‚
616 1927 669 1965 et
726 1911 1074 1983 cognominis
1119 1911 1282 1966 instar
1326 1911 1555 1981 Sebaste,-

202 1988 554 2061 compellatio
586 1986 891 2052 adcefferit3
923 1982 1313 2041 subinde‘vero
1351 2003 1562 2059 cogno-

200 2081 359 2128 men,
391 2062 545 2137 quod
585 2079 640 2117 et
682 2066 738 2117 in
783 2063 1077 2120 hominum
1126 2061 1556 2134 cognominibus

203 2137 359 2212 saepe
413 2137 655 2193 accidiffe
708 2140 916 2196 constat
955 2177 975 2204 ,
1035 2138 1129 2197 seu
1196 2137 1513 2193 adulatione
1548 2176 1562 2203 ‚

205 2212 298 2269 seu
350 2217 733 2271 Romanorum
763 2252 778 2277 ‚
835 2214 1263 2289 Cappadociae,
1307 2232 1368 2267 ac
1420 2212 1562 2268 Cili-

210 2290 357 2356 ciae,
399 2291 456 2345 in
487 2291 826 2348 Provinciam
876 2289 1150 2357 redactae,
1178 2290 1558 2343 Dominorum

204 2362 344 2419 iuffu
377 2406 394 2432 2
447 2385 573 2444 prae
625 2368 793 2424 veteri
838 2364 1092 2423 Elaeusae
1135 2366 1360 2422 nomine
1407 2365 1560 2418 inva-

204 2441 401 2500 luerit.

808 2522 859 2584 G
900 2538 929 2583 2.
1355 2512 1491 2570 Satis
