1856 2901
509 159 775 200 NVMos
833 159 1142 200 VRBJVM
1361 165 1429 218 45

141 259 214 317 ad
253 259 419 313 urbem
471 260 683 315 Tomeas
721 300 735 325 ,
773 258 949 329 stadia
999 258 1215 313 ducenta
1250 296 1265 312 .
1323 260 1505 315 Aliter

139 334 355 390 rursum
399 332 546 409 apud
588 334 964 408 Stephanum:
1009 336 1186 397 Τομεύς
1226 333 1357 386 πέλις
1399 338 1504 400 erpol-

138 417 201 478 τῇ
228 411 419 478 Οὸησσῷ
441 451 560 465 .-.-.
593 413 612 461 ὃ
639 413 831 469 πολίτης
851 410 1085 474 Τομίτης.
1126 410 1362 470 Tomeur,
1390 409 1503 460 urbs

139 488 210 541 ad
240 486 498 557 Odessum.
539 486 722 549 Civis,
764 486 1025 537 Tomites.
1067 482 1237 556 Apud
1275 486 1508 542 Statium

141 564 290 620 Silv.
331 563 659 616 Tomiorum
701 556 898 613 audit:

754 674 865 725 Nec
903 673 1070 743 trzstis
1110 674 1164 724 in
1204 674 1320 746 ipfis

360 744 502 820 Naso
538 750 739 804 Tomis.
776 787 950 801 ....-..

247 857 339 914 Ab
388 859 594 915 ovidio
639 857 750 915 fere
800 864 989 929 T6fmc,
1033 865 1212 915 Tomus
1259 857 1508 915 dicitur:

139 937 348 1010 gentile
375 955 503 992 vero
534 939 736 992 Tomita
753 977 767 1003 ‚
790 954 843 992 et
870 939 999 992 hinc
1016 941 1313 991 Tomitanus
1335 977 1347 991 .
1386 940 1507 990 No-

136 1030 260 1067 men
291 1052 305 1079 ,
359 1028 413 1066 et
457 1012 727 1083 originem
776 1015 1019 1069 nominis
1066 1012 1175 1069 Lib.
1212 1014 1317 1068 ΙΙΙ.
1360 1014 1510 1085 Τνίβ.

134 1089 286 1162 Eleg.
318 1108 371 1155 9.
412 1086 556 1143 idem
600 1089 847 1144 concinit
885 1107 900 1143 ε

136 1238 265 1296 Inde
278 1242 445 1292 Tomis
477 1240 635 1295 dietus
664 1241 803 1294 locus
827 1241 903 1295 hic
921 1263 943 1308 ;
977 1242 1097 1313 quia
1112 1238 1293 1314 fertur
1322 1238 1377 1291 in
1409 1236 1507 1293 illo

244 1315 473 1373 Membra
499 1315 647 1390 soror
665 1317 868 1393 fratris
899 1314 1189 1389 consecusffe
1208 1312 1292 1389 fiti
1312 1354 1326 1368 .

254 1465 496 1521 Eandem
534 1467 806 1538 originem
854 1473 878 1534 (
913 1464 986 1520 ob
1031 1465 1360 1521 dilaniatum
1398 1462 1512 1516 illic

139 1560 170 1595 a
198 1541 393 1597 Medea
424 1541 727 1612 Absyrtum
763 1543 988 1597 fratrem
1015 1580 1029 1605 ,
1075 1540 1364 1615 sparsaque
1395 1540 1509 1592 eius

140 1616 383 1672 membra
415 1659 430 1685 ‚
470 1637 587 1691 quo
620 1617 906 1691 specstaculi
944 1634 1191 1670 moerore
1222 1615 1515 1688 insequen-

140 1709 249 1747 tem
305 1708 514 1766 patrem
565 1698 795 1748 Aeetam
857 1698 1287 1759 remoraretur)
1350 1689 1516 1744 refert

135 1767 426 1846 Saephanus
452 1810 465 1835 ,
501 1782 554 1822 et
587 1773 760 1822 Cicero
797 1773 852 1823 in
887 1773 1038 1822 Orat.
1063 1785 1154 1841 pro
1193 1770 1311 1840 lege
1340 1767 1517 1820 Mani·

137 1844 256 1899 lia.-
305 1844 401 1915 qui
447 1860 629 1898 tamen
680 1843 769 1910 id,
816 1862 931 1898 non
974 1859 1255 1914 tamquam
1309 1839 1514 1895 faustum

136 1933 285 1973 certa
325 1916 429 1973 fide
459 1919 692 1994 dignum
716 1961 730 1988 ,
761 1919 850 1977 sed
886 1938 952 1974 ex
981 1920 1304 1994 pervulgata
1341 1916 1515 1981 fama,

141 1992 393 2069 perhibet
425 2037 439 2052 .

261 2074 396 2125 Sane
416 2073 620 2138 Numi,
645 2072 742 2146 qui
769 2075 972 2126 Tomum
1002 2071 1358 2136 Conditorem,
1377 2086 1514 2123 eun·

143 2144 382 2219 demque
416 2151 606 2203 Herois
642 2149 810 2202 titulo
848 2147 1107 2218 insignem
1147 2145 1306 2200 nobis
1338 2148 1518 2200 osten·

144 2236 265 2275 tant
310 2261 326 2287 ‚
388 2223 518 2278 huic
567 2225 870 2279 narrationi
917 2223 1156 2277 multum
1206 2223 1515 2294 derogare,

146 2295 404 2353 videntur
429 2341 443 2366 ,
482 2316 649 2374 atque
699 2321 729 2356 a
774 2300 1080 2356 conditore
1115 2302 1263 2353 Tomo
1309 2316 1516 2352 nomen

146 2373 333 2447 potius
377 2373 642 2449 sumpsisse
690 2375 878 2432 urbem
929 2375 1297 2429 demonstrant
1328 2416 1341 2429 .
1394 2372 1514 2446 Ipse

151 2467 387 2525 quoque
430 2452 664 2511 Ovidius
699 2451 849 2512 urbis
881 2451 1216 2512 Conditores
1244 2449 1517 2520 Milefios2

1291 2543 1441 2600 quo-
