1856 2901
409 149 476 184 20
632 141 1118 184 ANIMADVERS.
1158 142 1231 182 IN
1269 140 1414 183 VET.

400 241 613 315 Jupiter
652 243 789 297 stans
812 283 826 308 ,
847 240 1035 296 dextra
1074 239 1281 294 fulmen
1314 252 1541 314 torquet
1561 277 1576 306 ‚
1605 238 1696 296 su·

332 336 430 391 per
462 318 657 372 sinistra
689 315 905 371 extensa
940 314 1208 370 masculus
1242 317 1420 370 nudus
1449 320 1571 382 stat,
1600 337 1694 371 ex-

330 393 505 467 pansis
541 392 823 458 manibus5
853 412 912 446 ea
940 392 1114 463 figura
1139 395 1373 462 Begerus
1406 406 1563 464 putat
1590 394 1695 447 Di-

322 487 518 523 conem
537 470 906 523 Cauloniaten
932 466 1228 533 ,celebrem
1267 468 1559 531 athletam,
1597 484 1693 524 aut

327 563 620 601 cervorum
658 560 982 600 venatorem>
1019 542 1247 597 indicari
1280 561 1291 595 :
1339 542 1472 598 mihi
1517 547 1693 615 poste-

325 621 440 676 rius
487 622 663 694 placet
685 664 698 677 .

437 700 647 751 Cervus
697 698 863 750 stam.

441 773 566 826 Sola
619 771 912 845 epigraphe
961 769 1030 824 ab
1081 769 1195 822 aliis
1253 767 1525 824 diversum
1560 809 1573 835 ‚
1626 789 1692 825 e,

330 848 572 904 Cimelio
606 849 911 900 Galliarum
959 846 1121 916 Regis
1143 886 1156 911 ‚
1191 851 1249 900 R.
1279 851 1334 902 P.
1366 846 1695 912 Harduinus,

334 923 602 998 produxit
646 940 876 976 numum
924 919 1275 994 sequentem:

445 1008 645 1053 ΚΑΤΑ.
678 1000 822 1053 Iovis
856 998 1122 1054 Tonantis
1143 1038 1156 1064 ‚
1191 1017 1251 1051 ac
1281 997 1422 1051 cervi
1463 993 1688 1066 effigieS.

440 1084 637 1130 ΛΥΑΚ.
679 1073 884 1128 inverse
929 1093 1030 1147 pro
1077 1085 1279 1128 KATA.
1329 1077 1534 1129 Cervus
1560 1113 1574 1127 .

373 1161 376 1163 ’
438 1151 625 1211 Nostri
669 1151 785 1204 duo
829 1152 981 1204 numi
1034 1150 1107 1202 ita
1163 1148 1365 1218 habent
1393 1191 1407 1217 ‚
1448 1165 1691 1222 quorum

322 1240 485 1299 typos
539 1226 660 1280 vide
716 1224 848 1281 Tab.
902 1230 942 1282 Ι.
994 1243 1144 1278 num.
1191 1242 1265 1280 vt.
1308 1242 1360 1278 et
1425 1240 1519 1280 vn.

433 1302 644 1375 Iupiter
677 1302 897 1356 nuduns
925 1304 1062 1355 stans
1103 1300 1153 1355 d.
1196 1301 1405 1356 fulmen
1447 1343 1460 1367 ,
1501 1316 1539 1353 S.
1591 1318 1683 1352 cx-

320 1375 468 1431 tensa
494 1417 507 1442 ‚
557 1376 655 1431 sub
703 1398 814 1450 qua
860 1379 1110 1431 cervulus
1149 1416 1163 1439 ,
1202 1392 1254 1430 et
1302 1392 1572 1431 aratrum:
1613 1374 1682 1428 ad

317 1451 564 1507 dextram
625 1456 739 1527 apis
804 1454 1040 1508 collee'tis
1089 1453 1234 1506 alis:

452 1539 931 1584 KATAQNIATAN
951 1569 964 1582 .
991 1529 1412 1581 Cauloniam-um
1441 1572 1453 1580 .
1487 1528 1693 1580 Cervus

315 1600 471 1659 bene:
505 1604 630 1658 latis
687 1602 946 1657 cornibus
982 1641 995 1666 ,
1039 1599 1243 1673 quibus
1288 1600 1472 1654 annosi
1538 1601 1686 1655 cervi

317 1677 599 1752 superbire
648 1677 822 1733 solent
874 1696 885 1730 :
944 1677 1169 1730 unicum
1230 1691 1447 1730 tantum
1510 1695 1688 1730 cornu

319 1754 580 1826 adparet3
603 1756 660 1809 in
697 1773 817 1809 area
854 1771 1033 1806 ramus
1072 1750 1335 1822 frugifer.
1369 1754 1456 1804 Est
1492 1770 1686 1821 argen-

322 1843 441 1883 teus
480 1869 494 1895 ,
548 1828 966 1903 elegantiffimus
998 1870 1010 1884 .
1050 1828 1310 1900 Sequitur
1355 1828 1489 1880 alter
1521 1866 1537 1880 .

433 1907 644 1980 Iupiter
679 1905 837 1961 solita
868 1903 1042 1977 figura
1062 1927 1078 1958 .-
1097 1904 1154 1956 in
1178 1922 1297 1957 area
1326 1903 1462 1957 rude
1484 1919 1688 1957 cornu-

318 1982 512 2055 copiae
548 2023 561 2047 ,
604 1998 656 2037 et
709 1984 866 2058 piscis
894 2025 908 2039 .
1522 2000 1527 2005 '

433 2064 864 2130 KATAQ—-N
887 2102 900 2115 .
939 2060 1112 2114 Cerva
1142 2057 1310 2114 stans,
1345 2061 1684 2129 Argenteus,

326 2133 495 2187 medii
550 2134 810 2204 moduli,
864 2135 944 2189 uti
1002 2151 1054 2188 et
1095 2135 1445 2208 praecedens,

444 2251 476 2276 „
521 2209 778 2266 Mirabile
829 2211 979 2266 aliud
1044 2211 1313 2265 numisma
1365 2222 1687 2281 argenteum

326 2323 360 2351 „
400 2288 864 2353 Cauloniatarum,
908 2288 1083 2341 latum
1113 2329 1127 2353 ,
1163 2303 1215 2341 et
1264 2285 1515 2341 incusum
1541 2324 1554 2350 ,
1591 2282 1688 2336 ad·

323 2398 358 2427 ‚,
400 2360 542 2415 cessit
587 2364 792 2416 interea
840 2364 1085 2419 Cimeliis
1116 2364 1358 2435 Collegii
1395 2357 1686 2417 Vindobo-

323 2473 358 2503 „
399 2437 572 2495 nenfis
616 2443 666 2496 S.
701 2442 741 2496 I.
775 2440 833 2494 in
876 2459 993 2516 quo
1043 2441 1252 2514 Iupiter
1297 2438 1480 2569 nudths
1525 2433 1683 2490 solita

1421 2529 1423 2531 ’
1474 2530 1610 2584 gura
