1856 2901
525 152 794 193 Nvmos
871 152 1183 191 VRBIVM
1435 164 1460 213 3

176 273 314 328 quae
351 254 485 307 olim
533 250 767 317 Phar03‚
808 250 889 305 vel
931 249 1161 305 Pharia:
1204 248 1270 305 ab
1315 254 1542 310 Dalma-

173 333 284 384 tico
327 330 515 384 littore
556 370 570 396 ,
627 325 724 383 ubi
770 327 903 380 olim
942 330 1194 381 Onaeum
1233 328 1502 400 oppidum
1532 372 1548 398 ,

169 404 336 459 hodie
378 405 696 463 Sabioncello
742 403 1101 456 constitutum
1159 402 1228 455 est
1271 442 1285 468 ‚
1339 404 1544 475 exiguo

167 480 439 537 Adriatici
483 477 644 532 maris
683 477 974 531 intervallo
1019 477 1300 532 dirimitur
1329 515 1341 530 .

282 555 371 610 Ad
400 556 541 609 hanc
579 569 747 625 porro
778 552 1050 608 Adriatici
1084 555 1244 607 maris
1273 552 1548 626 Insulam,

166 651 295 706 prae
340 633 507 685 altera
557 630 648 682 illa
696 625 989 683 celebriore
1037 632 1284 699 Corcyra
1339 630 1543 690 hosce,

163 725 360 762 numos
407 705 676 779 pertinere
720 745 733 770 ,
775 723 840 758 ex
900 724 966 758 eo
1025 703 1282 780 suspicari
1343 711 1542 782 coepi,

163 783 318 855 quod
351 782 504 835 numi
540 781 621 833 isti
655 778 819 834 essent
851 781 909 834 in
940 782 1249 836 Dalmatiae
1284 785 1541 854 regione,

160 859 292 913 huic
339 855 546 913 insulae
598 855 775 911 vicina
812 898 825 923 ‚
867 859 1064 930 reperti
1098 899 1112 924 ,
1154 874 1323 932 atque
1373 860 1540 917 inde..

159 934 228 990 ad
275 952 373 988 nos
410 933 638 1007 perlati.
676 933 751 984 Ea
786 930 1022 1006 suspicio
1066 934 1122 987 in
1162 950 1365 989 certam
1413 956 1544 1010 pro-

156 1029 223 1085 pe
256 1008 581 1063 sententiam
626 1005 985 1063 corroborata
1020 1010 1090 1062 est
1127 1030 1143 1074 5
1182 1013 1542 1084 posteaquam

155 1086 342 1139 omnia
379 1123 393 1149 ‚
433 1086 491 1137 in
523 1085 704 1158 primo
736 1084 834 1137 illo
857 1125 870 1150 ,
913 1103 940 1137 e
978 1084 1186 1152 tribu3‚
1235 1106 1376 1158 quos
1408 1108 1540 1160 pro-

152 1160 311 1236 posui
344 1201 357 1227 ,
399 1161 580 1215 numis
620 1158 934 1231 consignata
964 1199 978 1224 ,
1020 1160 1354 1233 deprehendr
1385 1182 1540 1235 egre-

150 1238 238 1308 gie
279 1237 439 1310 plane
466 1278 480 1303 ,
523 1255 585 1289 ac
620 1237 843 1309 proprie
876 1235 1191 1291 Adriaticae
1235 1237 1366 1292 huic
1397 1243 1541 1294 Cor-

153 1332 312 1382 cyrae
360 1312 692 1366 convenire.
748 1311 935 1366 Primo
970 1331 1141 1386 porro
1188 1331 1362 1367 numo
1409 1314 1541 1371 huic

151 1387 397 1454 insulae,
441 1404 608 1461 atque
647 1385 772 1441 urbi
822 1385 1038 1442 adserto
1071 1430 1086 1456 ‚
1127 1389 1267 1443 nihil
1318 1391 1426 1444 iam
1469 1391 1538 1445 de

157 1465 276 1518 aliis
323 1462 543 1518 duobus
593 1461 967 1529 dubitaban15
1022 1465 1179 1537 quod
1231 1466 1423 1520 eodem
1471 1486 1539 1521 ex

154 1540 283 1594 loco
317 1537 516 1604 adlati,
549 1551 602 1590 et
636 1535 841 1590 fabrica
871 1541 1102 1593 omnino
1137 1541 1388 1614 persimili
1430 1543 1539 1610 cufi

151 1613 321 1668 essent
357 1653 372 1678 ‚
421 1633 483 1666 ac
519 1610 726 1665 diversa
777 1610 845 1664 ab
877 1632 937 1665 ea
960 1654 972 1678 ‚
1003 1634 1171 1686 quam
1207 1636 1334 1689 prae
1369 1618 1421 1675 se
1455 1618 1539 1674 fe-

152 1704 282 1744 runt
324 1689 547 1741 alterius
584 1687 807 1740 maioris
852 1690 1127 1757 Corcyrae
1175 1695 1374 1750 numi.

264 1764 451 1821 Primo
486 1762 661 1833 igitur
705 1762 763 1814 in
810 1780 987 1816 numo
1027 1766 1195 1819 trium
1242 1772 1536 1841 praecipue

152 1858 335 1895 rerum
369 1837 685 1910 consignata
716 1836 965 1908 symbola
995 1856 1362 1910 contuemur-3
1405 1849 1542 1898 Bac·-

152 1916 242 1970 chi
291 1914 525 1986 figuram
564 1955 578 1980 ,
632 1913 833 1985 tigride
871 1956 884 1982 ‚
947 1931 1009 1969 ut
1052 1915 1187 1972 solet
1216 1960 1231 1985 ,
1272 1922 1356 1975 vel
1401 1940 1540 1997 pan-

154 1989 393 2046 therisco
437 1991 572 2047 veen
604 2011 622 2056 5
665 1989 842 2061 Satyri
876 1990 1032 2046 fimul
1076 1998 1098 2060 (
1133 1995 1288 2067 quod
1327 2015 1537 2068 genu5,

154 2067 353 2122 Bacchi
402 2068 629 2122 comites
679 2064 777 2121 effe
819 2107 833 2134 ‚
887 2086 1053 2123 nemo
1108 2070 1381 2142 ignorat)
1439 2074 1540 2147 qui

155 2142 341 2198 fronte
391 2159 626 2198 cornuta
671 2183 686 2208 ,
738 2158 914 2201 cetera
965 2145 1105 2199 nihil
1157 2146 1225 2201 ab
1268 2147 1536 2206 homine,

151 2217 424 2274 difformis
462 2263 474 2287 ,
520 2240 585 2275 ex
620 2219 884 2294 amphora
926 2221 983 2276 in
1026 2242 1115 2278 vas
1150 2224 1303 2280 aliud
1342 2227 1536 2281 vinum

158 2293 436 2350 effundere
480 2296 697 2353 videtur
724 2333 737 2350 .
792 2300 951 2366 Qae
997 2297 1163 2354 ambo
1194 2341 1208 2367 ,
1249 2302 1333 2355 uti
1380 2319 1432 2355 et
1475 2303 1534 2354 in

151 2369 270 2426 aliis
298 2369 515 2431 duobus
548 2374 761 2442 numiS‚
785 2376 1070 2452 pampini,
1111 2393 1164 2432 et
1192 2398 1326 2434 uvae
1345 2420 1359 2445 ‚
1398 2376 1535 2447 ube«,

746 2455 800 2507 A
845 2472 872 2507 2
1332 2472 1448 2510 rem
