<?xml version="1.0" encoding="UTF-8"?>
<!DOCTYPE html PUBLIC "-//W3C//DTD XHTML 1.0 Transitional//EN"
    "http://www.w3.org/TR/xhtml1/DTD/xhtml1-transitional.dtd">
<html xmlns="http://www.w3.org/1999/xhtml" xml:lang="en" lang="en">
 <head>
  <title>
</title>
<meta http-equiv="Content-Type" content="text/html;charset=utf-8" />
  <meta name='ocr-system' content='tesseract 3.04.00' />
  <meta name='ocr-capabilities' content='ocr_page ocr_carea ocr_par ocr_line ocrx_word'/>
</head>
<body>
  <div class='ocr_page' id='page_1' title='image "./litterariaeopusc07gori/litterariaeopusc07gori_0121.png"; bbox 0 0 1856 2901; ppageno 0'>
   <div class='ocr_carea' id='block_1_1' title="bbox 441 138 1363 199">
    <p class='ocr_par' dir='ltr' id='par_1_1' title="bbox 441 138 1363 199">
     <span class='ocr_line' id='line_1_1' title="bbox 441 138 1363 199; baseline -0.008 -15"><span class='ocrx_word' id='word_1_1' title='bbox 441 141 704 184; x_wconf 86' lang='lat' dir='ltr'>NVMOS</span> <span class='ocrx_word' id='word_1_2' title='bbox 764 138 1076 180; x_wconf 84' lang='lat' dir='ltr'>VRBIVM</span> <span class='ocrx_word' id='word_1_3' title='bbox 1297 146 1363 199; x_wconf 82' lang='lat'><strong>95</strong></span> 
     </span>
    </p>
   </div>
   <div class='ocr_carea' id='block_1_2' title="bbox 0 238 1446 1616">
    <p class='ocr_par' dir='ltr' id='par_1_2' title="bbox 0 238 1446 1368">
     <span class='ocr_line' id='line_1_2' title="bbox 243 238 1446 315; baseline -0.003 -17"><span class='ocrx_word' id='word_1_4' title='bbox 243 243 427 315; x_wconf 83' lang='lat' dir='ltr'><strong>Qare</strong></span> <span class='ocrx_word' id='word_1_5' title='bbox 462 258 635 312; x_wconf 89' lang='lat' dir='ltr'><strong>quum</strong></span> <span class='ocrx_word' id='word_1_6' title='bbox 692 238 907 299; x_wconf 87' lang='lat' dir='ltr'><strong>omnia,</strong></span> <span class='ocrx_word' id='word_1_7' title='bbox 945 239 1000 292; x_wconf 86' lang='lat' dir='ltr'><strong>in</strong></span> <span class='ocrx_word' id='word_1_8' title='bbox 1049 255 1223 291; x_wconf 80' lang='lat' dir='ltr'><strong>numo</strong></span> <span class='ocrx_word' id='word_1_9' title='bbox 1260 242 1446 294; x_wconf 85' lang='lat' dir='ltr'><strong>nostro</strong></span> 
     </span>
     <span class='ocr_line' id='line_1_3' title="bbox 85 313 1442 388; baseline 0 -19"><span class='ocrx_word' id='word_1_10' title='bbox 85 317 320 388; x_wconf 77' lang='lat' dir='ltr'><strong>expressa</strong></span> <span class='ocrx_word' id='word_1_11' title='bbox 354 359 368 383; x_wconf 91' lang='lat'>,</span> <span class='ocrx_word' id='word_1_12' title='bbox 423 334 547 372; x_wconf 91' lang='lat' dir='ltr'><strong>cum</strong></span> <span class='ocrx_word' id='word_1_13' title='bbox 607 319 755 385; x_wconf 84' lang='lat' dir='ltr'><strong>Rege</strong></span> <span class='ocrx_word' id='word_1_14' title='bbox 819 313 925 368; x_wconf 90' lang='lat' dir='ltr'><strong>hoc</strong></span> <span class='ocrx_word' id='word_1_15' title='bbox 979 317 1221 368; x_wconf 85' lang='lat' dir='ltr'><strong>Eumene</strong></span> <span class='ocrx_word' id='word_1_16' title='bbox 1281 323 1442 386; x_wconf 67' lang='lat' dir='ltr'><strong>plane</strong></span> 
     </span>
     <span class='ocr_line' id='line_1_4' title="bbox 82 390 1445 460; baseline -0.001 -16"><span class='ocrx_word' id='word_1_17' title='bbox 82 394 413 446; x_wconf 81' lang='lat' dir='ltr'><strong>conveniant</strong></span> <span class='ocrx_word' id='word_1_18' title='bbox 455 433 469 460; x_wconf 87' lang='lat'>‚</span> <span class='ocrx_word' id='word_1_19' title='bbox 520 390 587 445; x_wconf 90' lang='lat' dir='ltr'><strong>ad</strong></span> <span class='ocrx_word' id='word_1_20' title='bbox 641 392 807 443; x_wconf 76' lang='lat' dir='ltr'><strong>alium</strong></span> <span class='ocrx_word' id='word_1_21' title='bbox 877 408 1005 443; x_wconf 89' lang='lat' dir='ltr'><strong>vero</strong></span> <span class='ocrx_word' id='word_1_22' title='bbox 1068 393 1273 459; x_wconf 82' lang='lat' dir='ltr'>Regem</span> <span class='ocrx_word' id='word_1_23' title='bbox 1339 393 1445 443; x_wconf 65' lang='lat' dir='ltr'><strong>ita⁴</strong></span> 
     </span>
     <span class='ocr_line' id='line_1_5' title="bbox 81 463 1440 540; baseline -0.001 -21"><span class='ocrx_word' id='word_1_24' title='bbox 81 467 392 539; x_wconf 85' lang='lat' dir='ltr'><strong>applicari,</strong></span> <span class='ocrx_word' id='word_1_25' title='bbox 456 480 726 540; x_wconf 84' lang='lat' dir='ltr'><strong>quantum</strong></span> <span class='ocrx_word' id='word_1_26' title='bbox 787 465 1010 538; x_wconf 85' lang='lat' dir='ltr'><strong>quidem</strong></span> <span class='ocrx_word' id='word_1_27' title='bbox 1062 483 1166 536; x_wconf 87' lang='lat' dir='ltr'><strong>ego</strong></span> <span class='ocrx_word' id='word_1_28' title='bbox 1235 463 1440 528; x_wconf 83' lang='lat' dir='ltr'><strong>vide0,</strong></span> 
     </span>
     <span class='ocr_line' id='line_1_6' title="bbox 78 540 1445 615; baseline -0.001 -23"><span class='ocrx_word' id='word_1_29' title='bbox 78 560 194 594; x_wconf 81' lang='lat' dir='ltr'><strong>non</strong></span> <span class='ocrx_word' id='word_1_30' title='bbox 246 544 496 615; x_wconf 74' lang='lat' dir='ltr'><strong>poffint3</strong></span> <span class='ocrx_word' id='word_1_31' title='bbox 553 541 893 595; x_wconf 61' lang='lat' dir='ltr'><strong>coniecturae</strong></span> <span class='ocrx_word' id='word_1_32' title='bbox 942 540 1071 594; x_wconf 80' lang='lat' dir='ltr'><strong>huic</strong></span> <span class='ocrx_word' id='word_1_33' title='bbox 1129 558 1277 594; x_wconf 87' lang='lat' dir='ltr'><strong>meae</strong></span> <span class='ocrx_word' id='word_1_34' title='bbox 1344 540 1445 593; x_wconf 87' lang='lat' dir='ltr'><strong>ali-</strong></span> 
     </span>
     <span class='ocr_line' id='line_1_7' title="bbox 78 614 1442 691; baseline -0.001 -21"><span class='ocrx_word' id='word_1_35' title='bbox 78 636 242 688; x_wconf 82' lang='lat' dir='ltr'><strong>quem</strong></span> <span class='ocrx_word' id='word_1_36' title='bbox 279 620 579 691; x_wconf 85' lang='lat' dir='ltr'><strong>peritorum</strong></span> <span class='ocrx_word' id='word_1_37' title='bbox 627 614 910 670; x_wconf 82' lang='lat' dir='ltr'>adsensum</span> <span class='ocrx_word' id='word_1_38' title='bbox 943 617 1189 688; x_wconf 82' lang='lat' dir='ltr'>polliceri</span> <span class='ocrx_word' id='word_1_39' title='bbox 1242 614 1442 674; x_wconf 79' lang='lat' dir='ltr'><strong>ausim.</strong></span> 
     </span>
     <span class='ocr_line' id='line_1_8' title="bbox 73 690 1440 756; baseline 0.001 -12"><span class='ocrx_word' id='word_1_40' title='bbox 73 692 262 746; x_wconf 85' lang='lat' dir='ltr'><strong>Eidem</strong></span> <span class='ocrx_word' id='word_1_41' title='bbox 311 692 345 746; x_wconf 90' lang='lat' dir='ltr'>fi</span> <span class='ocrx_word' id='word_1_42' title='bbox 385 692 616 746; x_wconf 87' lang='lat' dir='ltr'><strong>adiicere</strong></span> <span class='ocrx_word' id='word_1_43' title='bbox 661 693 821 747; x_wconf 85' lang='lat' dir='ltr'><strong>aliam</strong></span> <span class='ocrx_word' id='word_1_44' title='bbox 870 692 997 745; x_wconf 88' lang='lat' dir='ltr'><strong>licet</strong></span> <span class='ocrx_word' id='word_1_45' title='bbox 1028 730 1043 756; x_wconf 85' lang='lat'>,</span> <span class='ocrx_word' id='word_1_46' title='bbox 1088 690 1154 745; x_wconf 90' lang='lat' dir='ltr'><strong>de</strong></span> <span class='ocrx_word' id='word_1_47' title='bbox 1208 691 1336 745; x_wconf 89' lang='lat' dir='ltr'><strong>loco</strong></span> <span class='ocrx_word' id='word_1_48' title='bbox 1383 692 1440 747; x_wconf 86' lang='lat' dir='ltr'><strong>in</strong></span> 
     </span>
     <span class='ocr_line' id='line_1_9' title="bbox 74 766 1437 840; baseline -0.001 -19"><span class='ocrx_word' id='word_1_49' title='bbox 74 787 191 840; x_wconf 88' lang='lat' dir='ltr'><strong>quo</strong></span> <span class='ocrx_word' id='word_1_50' title='bbox 234 768 468 840; x_wconf 77' lang='lat' dir='ltr'><strong>{ignatus</strong></span> <span class='ocrx_word' id='word_1_51' title='bbox 527 767 587 822; x_wconf 87' lang='lat' dir='ltr'><strong>fit</strong></span> <span class='ocrx_word' id='word_1_52' title='bbox 634 766 722 822; x_wconf 89' lang='lat' dir='ltr'><strong>hic</strong></span> <span class='ocrx_word' id='word_1_53' title='bbox 770 785 969 823; x_wconf 84' lang='lat' dir='ltr'><strong>numus</strong></span> <span class='ocrx_word' id='word_1_54' title='bbox 1016 788 1033 833; x_wconf 91' lang='grc'><strong>,·</strong></span> <span class='ocrx_word' id='word_1_55' title='bbox 1093 766 1242 821; x_wconf 88' lang='lat' dir='ltr'><strong>haud</strong></span> <span class='ocrx_word' id='word_1_56' title='bbox 1295 769 1437 820; x_wconf 80' lang='lat' dir='ltr'><strong>mul-</strong></span> 
     </span>
     <span class='ocr_line' id='line_1_10' title="bbox 71 841 1438 916; baseline 0 -20"><span class='ocrx_word' id='word_1_57' title='bbox 71 860 191 896; x_wconf 88' lang='lat' dir='ltr'><strong>tum</strong></span> <span class='ocrx_word' id='word_1_58' title='bbox 253 864 281 898; x_wconf 89' lang='lat' dir='ltr'><strong>a</strong></span> <span class='ocrx_word' id='word_1_59' title='bbox 339 863 468 898; x_wconf 89' lang='lat' dir='ltr'><strong>vero</strong></span> <span class='ocrx_word' id='word_1_60' title='bbox 511 862 596 897; x_wconf 87' lang='lat' dir='ltr'><strong>me</strong></span> <span class='ocrx_word' id='word_1_61' title='bbox 643 843 1026 899; x_wconf 80' lang='lat' dir='ltr'><strong>aberraturum</strong></span> <span class='ocrx_word' id='word_1_62' title='bbox 1089 859 1229 916; x_wconf 87' lang='lat' dir='ltr'><strong>puto</strong></span> <span class='ocrx_word' id='word_1_63' title='bbox 1272 882 1286 909; x_wconf 89' lang='lat'>,</span> <span class='ocrx_word' id='word_1_64' title='bbox 1342 841 1438 897; x_wconf 87' lang='lat' dir='ltr'><strong>ubi</strong></span> 
     </span>
     <span class='ocr_line' id='line_1_11' title="bbox 71 917 1438 994; baseline 0 -21"><span class='ocrx_word' id='word_1_65' title='bbox 71 923 398 991; x_wconf 82' lang='lat' dir='ltr'><strong>Pergamum</strong></span> <span class='ocrx_word' id='word_1_66' title='bbox 442 960 456 985; x_wconf 87' lang='lat'>,</span> <span class='ocrx_word' id='word_1_67' title='bbox 494 920 724 994; x_wconf 81' lang='lat' dir='ltr'><strong>Regiam</strong></span> <span class='ocrx_word' id='word_1_68' title='bbox 776 919 1034 975; x_wconf 86' lang='lat' dir='ltr'><strong>Eumenis</strong></span> <span class='ocrx_word' id='word_1_69' title='bbox 1087 917 1262 974; x_wconf 82' lang='lat' dir='ltr'><strong>sedem</strong></span> <span class='ocrx_word' id='word_1_70' title='bbox 1304 959 1318 984; x_wconf 82' lang='lat'>,</span> <span class='ocrx_word' id='word_1_71' title='bbox 1382 939 1438 973; x_wconf 90' lang='lat' dir='ltr'><strong>e-</strong></span> 
     </span>
     <span class='ocr_line' id='line_1_12' title="bbox 0 993 1436 1069; baseline 0.001 -22"><span class='ocrx_word' id='word_1_72' title='bbox 0 1036 2 1042; x_wconf 92' lang='lat'>.</span> <span class='ocrx_word' id='word_1_73' title='bbox 75 996 270 1067; x_wconf 80' lang='lat' dir='ltr'><strong>iusque</strong></span> <span class='ocrx_word' id='word_1_74' title='bbox 324 997 505 1067; x_wconf 84' lang='lat' dir='ltr'><strong>Regni</strong></span> <span class='ocrx_word' id='word_1_75' title='bbox 562 993 750 1050; x_wconf 85' lang='lat' dir='ltr'><strong>urbem</strong></span> <span class='ocrx_word' id='word_1_76' title='bbox 809 996 1111 1069; x_wconf 81' lang='lat' dir='ltr'><strong>principem</strong></span> <span class='ocrx_word' id='word_1_77' title='bbox 1179 996 1436 1049; x_wconf 85' lang='lat' dir='ltr'><strong>nomina-</strong></span> 
     </span>
     <span class='ocr_line' id='line_1_13' title="bbox 0 1065 1440 1143; baseline 0.001 -20"><span class='ocrx_word' id='word_1_78' title='bbox 0 1065 3 1132; x_wconf 65' lang='grc' dir='ltr'>ἶ</span> <span class='ocrx_word' id='word_1_79' title='bbox 68 1089 236 1125; x_wconf 80' lang='lat' dir='ltr'><strong>vero,</strong></span> <span class='ocrx_word' id='word_1_80' title='bbox 274 1072 621 1126; x_wconf 88' lang='lat' dir='ltr'><strong>Confirmant</strong></span> <span class='ocrx_word' id='word_1_81' title='bbox 681 1090 765 1126; x_wconf 85' lang='lat' dir='ltr'><strong>me</strong></span> <span class='ocrx_word' id='word_1_82' title='bbox 812 1077 1440 1143; x_wconf 62' lang='lat' dir='ltr'><strong>Pergamenorummu-</strong></span> 
     </span>
     <span class='ocr_line' id='line_1_14' title="bbox 0 1147 1429 1218; baseline 0 -19"><span class='ocrx_word' id='word_1_83' title='bbox 0 1151 3 1157; x_wconf 86' lang='grc'><strong>“</strong></span> <span class='ocrx_word' id='word_1_84' title='bbox 72 1148 193 1211; x_wconf 84' lang='lat' dir='ltr'><strong>mi,</strong></span> <span class='ocrx_word' id='word_1_85' title='bbox 253 1149 488 1218; x_wconf 84' lang='lat' dir='ltr'><strong>Augusti</strong></span> <span class='ocrx_word' id='word_1_86' title='bbox 551 1167 692 1203; x_wconf 85' lang='lat' dir='ltr'><strong>unus</strong></span> <span class='ocrx_word' id='word_1_87' title='bbox 731 1190 743 1214; x_wconf 85' lang='lat'>,</span> <span class='ocrx_word' id='word_1_88' title='bbox 789 1167 816 1201; x_wconf 89' lang='lat' dir='ltr'><strong>e</strong></span> <span class='ocrx_word' id='word_1_89' title='bbox 889 1148 1128 1203; x_wconf 83' lang='lat' dir='ltr'><strong>Cimelio</strong></span> <span class='ocrx_word' id='word_1_90' title='bbox 1197 1147 1429 1217; x_wconf 87' lang='lat' dir='ltr'><strong>Domini</strong></span> 
     </span>
     <span class='ocr_line' id='line_1_15' title="bbox 0 1221 1434 1293; baseline 0.001 -19"><span class='ocrx_word' id='word_1_91' title='bbox 0 1221 2 1240; x_wconf 78' lang='lat'>³</span> <span class='ocrx_word' id='word_1_92' title='bbox 66 1224 366 1288; x_wconf 62' lang='lat' dir='ltr'><strong>Poenam,</strong></span> <span class='ocrx_word' id='word_1_93' title='bbox 396 1223 523 1276; x_wconf 86' lang='lat' dir='ltr'><strong>dein</strong></span> <span class='ocrx_word' id='word_1_94' title='bbox 553 1225 610 1277; x_wconf 91' lang='lat' dir='ltr'><strong>in</strong></span> <span class='ocrx_word' id='word_1_95' title='bbox 629 1221 910 1280; x_wconf 83' lang='lat' dir='ltr'><strong>Parmense</strong></span> <span class='ocrx_word' id='word_1_96' title='bbox 948 1223 1182 1288; x_wconf 84' lang='lat' dir='ltr'><strong>inlatus,</strong></span> <span class='ocrx_word' id='word_1_97' title='bbox 1228 1223 1285 1273; x_wconf 91' lang='lat' dir='ltr'><strong>in</strong></span> <span class='ocrx_word' id='word_1_98' title='bbox 1317 1241 1434 1293; x_wconf 87' lang='lat' dir='ltr'><strong>quo</strong></span> 
     </span>
     <span class='ocr_line' id='line_1_16' title="bbox 0 1297 1430 1368; baseline 0.002 -19"><span class='ocrx_word' id='word_1_99' title='bbox 0 1300 4 1326; x_wconf 80' lang='grc'><strong>’·</strong></span> <span class='ocrx_word' id='word_1_100' title='bbox 70 1297 273 1368; x_wconf 83' lang='lat' dir='ltr'><strong>legitur</strong></span> <span class='ocrx_word' id='word_1_101' title='bbox 352 1308 553 1355; x_wconf 73' lang='grc' dir='ltr'>ΘΕΑΝ.</span> <span class='ocrx_word' id='word_1_102' title='bbox 624 1310 851 1357; x_wconf 73' lang='lat' dir='ltr'>PQMHN</span> <span class='ocrx_word' id='word_1_103' title='bbox 898 1342 911 1355; x_wconf 93' lang='lat'><strong>.</strong></span> <span class='ocrx_word' id='word_1_104' title='bbox 985 1307 1430 1354; x_wconf 71' lang='grc' dir='ltr'>ΠΕΡΓΑΜΗΝΟΙ.</span> 
     </span>
    </p>

    <p class='ocr_par' dir='ltr' id='par_1_3' title="bbox 0 1375 1432 1616">
     <span class='ocr_line' id='line_1_17' title="bbox 67 1375 1430 1448; baseline -0.002 -21"><span class='ocrx_word' id='word_1_105' title='bbox 67 1377 230 1428; x_wconf 79' lang='lat' dir='ltr'><strong>Deam</strong></span> <span class='ocrx_word' id='word_1_106' title='bbox 275 1376 479 1429; x_wconf 79' lang='lat' dir='ltr'><strong>Romam</strong></span> <span class='ocrx_word' id='word_1_107' title='bbox 525 1378 697 1431; x_wconf 76' lang='lat' dir='ltr'><strong>colunt</strong></span> <span class='ocrx_word' id='word_1_108' title='bbox 759 1378 1065 1448; x_wconf 70' lang='lat' dir='ltr'><strong>Purgameni</strong></span> <span class='ocrx_word' id='word_1_109' title='bbox 1096 1411 1109 1427; x_wconf 87' lang='grc'><strong>.</strong></span> <span class='ocrx_word' id='word_1_110' title='bbox 1162 1376 1229 1426; x_wconf 85' lang='lat' dir='ltr'><strong>Et</strong></span> <span class='ocrx_word' id='word_1_111' title='bbox 1283 1375 1375 1426; x_wconf 78' lang='lat' dir='ltr'><strong>ahi</strong></span> <span class='ocrx_word' id='word_1_112' title='bbox 1415 1414 1430 1440; x_wconf 85' lang='lat'>,</span> 
     </span>
     <span class='ocr_line' id='line_1_18' title="bbox 3 1448 1432 1521; baseline -0.003 -15"><span class='ocrx_word' id='word_1_113' title='bbox 3 1504 5 1506; x_wconf 84' lang='lat'>.</span> <span class='ocrx_word' id='word_1_114' title='bbox 64 1448 333 1521; x_wconf 86' lang='lat' dir='ltr'><strong>templum</strong></span> <span class='ocrx_word' id='word_1_115' title='bbox 383 1451 529 1503; x_wconf 87' lang='lat' dir='ltr'><strong>Iovis</strong></span> <span class='ocrx_word' id='word_1_116' title='bbox 586 1449 898 1504; x_wconf 78' lang='lat' dir='ltr'><strong>exhibentes</strong></span> <span class='ocrx_word' id='word_1_117' title='bbox 938 1490 950 1514; x_wconf 91' lang='lat'><em>,</em></span> <span class='ocrx_word' id='word_1_118' title='bbox 999 1467 1141 1521; x_wconf 86' lang='lat' dir='ltr'><strong>quos</strong></span> <span class='ocrx_word' id='word_1_119' title='bbox 1192 1450 1432 1505; x_wconf 71' lang='lat' dir='ltr'><strong>Vasllan-</strong></span> 
     </span>
     <span class='ocr_line' id='line_1_19' title="bbox 0 1523 1051 1616; baseline 0 -38"><span class='ocrx_word' id='word_1_120' title='bbox 0 1551 5 1616; x_wconf 44' lang='grc' dir='ltr'><strong>ὲ</strong></span> <span class='ocrx_word' id='word_1_121' title='bbox 62 1528 169 1578; x_wconf 84' lang='lat' dir='ltr'><strong>tius</strong></span> <span class='ocrx_word' id='word_1_122' title='bbox 197 1565 211 1591; x_wconf 82' lang='lat'>,</span> <span class='ocrx_word' id='word_1_123' title='bbox 268 1538 319 1576; x_wconf 86' lang='lat' dir='ltr'><strong>et</strong></span> <span class='ocrx_word' id='word_1_124' title='bbox 372 1525 674 1580; x_wconf 75' lang='lat' dir='ltr'><strong>Harduinus</strong></span> <span class='ocrx_word' id='word_1_125' title='bbox 724 1523 1003 1578; x_wconf 84' lang='lat' dir='ltr'><strong>recensent</strong></span> <span class='ocrx_word' id='word_1_126' title='bbox 1036 1563 1051 1578; x_wconf 91' lang='lat'><strong>.</strong></span> 
     </span>
    </p>
   </div>
   <div class='ocr_carea' id='block_1_3' title="bbox 215 1750 1275 1809">
    <p class='ocr_par' dir='ltr' id='par_1_4' title="bbox 215 1750 1275 1809">
     <span class='ocr_line' id='line_1_20' title="bbox 215 1750 1275 1809; baseline 0.005 -7"><span class='ocrx_word' id='word_1_127' title='bbox 215 1750 870 1809; x_wconf 82' lang='lat' dir='ltr'>ELAEVSIORVM</span> <span class='ocrx_word' id='word_1_128' title='bbox 929 1753 1275 1809; x_wconf 84' lang='lat' dir='ltr'>NVMVS.</span> 
     </span>
    </p>
   </div>
   <div class='ocr_carea' id='block_1_4' title="bbox 52 1917 1424 2412">
    <p class='ocr_par' dir='ltr' id='par_1_5' title="bbox 52 1917 1424 2412">
     <span class='ocr_line' id='line_1_21' title="bbox 440 1917 1021 1961; baseline 0.003 -5"><span class='ocrx_word' id='word_1_129' title='bbox 440 1917 477 1956; x_wconf 88' lang='lat' dir='ltr'>T</span> <span class='ocrx_word' id='word_1_130' title='bbox 517 1919 556 1958; x_wconf 93' lang='lat' dir='ltr'>A</span> <span class='ocrx_word' id='word_1_131' title='bbox 597 1919 627 1957; x_wconf 88' lang='lat' dir='ltr'><strong>B</strong></span> <span class='ocrx_word' id='word_1_132' title='bbox 665 1922 702 1961; x_wconf 91' lang='lat' dir='ltr'><strong>V</strong></span> <span class='ocrx_word' id='word_1_133' title='bbox 742 1921 774 1959; x_wconf 90' lang='lat' dir='ltr'>L</span> <span class='ocrx_word' id='word_1_134' title='bbox 812 1919 852 1958; x_wconf 92' lang='lat' dir='ltr'>A</span> <span class='ocrx_word' id='word_1_135' title='bbox 966 1918 1021 1959; x_wconf 78' lang='lat' dir='ltr'><strong>V.</strong></span> 
     </span>
     <span class='ocr_line' id='line_1_22' title="bbox 176 2053 1424 2124; baseline 0.003 -21"><span class='ocrx_word' id='word_1_136' title='bbox 176 2053 344 2123; x_wconf 88' lang='lat' dir='ltr'><strong>Egem</strong></span> <span class='ocrx_word' id='word_1_137' title='bbox 398 2054 644 2124; x_wconf 86' lang='lat' dir='ltr'><strong>Pergami</strong></span> <span class='ocrx_word' id='word_1_138' title='bbox 695 2057 1038 2120; x_wconf 76' lang='lat' dir='ltr'><strong>Eumenem,</strong></span> <span class='ocrx_word' id='word_1_139' title='bbox 1091 2058 1210 2110; x_wconf 73' lang='lat' dir='ltr'><strong>Rex</strong></span> <span class='ocrx_word' id='word_1_140' title='bbox 1252 2053 1389 2107; x_wconf 89' lang='lat' dir='ltr'><strong>alter</strong></span> <span class='ocrx_word' id='word_1_141' title='bbox 1405 2061 1424 2121; x_wconf 79' lang='lat'><strong>,&#39;</strong></span> 
     </span>
     <span class='ocr_line' id='line_1_23' title="bbox 214 2128 1423 2202; baseline 0.003 -22"><span class='ocrx_word' id='word_1_142' title='bbox 214 2146 241 2180; x_wconf 87' lang='lat' dir='ltr'><strong>e</strong></span> <span class='ocrx_word' id='word_1_143' title='bbox 285 2145 459 2181; x_wconf 88' lang='lat' dir='ltr'><strong>numo</strong></span> <span class='ocrx_word' id='word_1_144' title='bbox 489 2129 861 2184; x_wconf 81' lang='lat' dir='ltr'><strong>Elaeusiorum</strong></span> <span class='ocrx_word' id='word_1_145' title='bbox 905 2129 1065 2202; x_wconf 77' lang='lat' dir='ltr'><strong>{ignis</strong></span> <span class='ocrx_word' id='word_1_146' title='bbox 1090 2128 1423 2201; x_wconf 67' lang='lat' dir='ltr'><strong>qmbusdam</strong></span> 
     </span>
     <span class='ocr_line' id='line_1_24' title="bbox 57 2201 1420 2279; baseline 0.006 -26"><span class='ocrx_word' id='word_1_147' title='bbox 57 2201 331 2256; x_wconf 85' lang='lat' dir='ltr'><strong>eruendus</strong></span> <span class='ocrx_word' id='word_1_148' title='bbox 362 2244 376 2268; x_wconf 85' lang='lat'>,</span> <span class='ocrx_word' id='word_1_149' title='bbox 417 2205 649 2279; x_wconf 75' lang='lat' dir='ltr'><strong>excipiat</strong></span> <span class='ocrx_word' id='word_1_150' title='bbox 695 2207 996 2261; x_wconf 84' lang='lat' dir='ltr'><strong>Archelaus</strong></span> <span class='ocrx_word' id='word_1_151' title='bbox 1027 2247 1040 2261; x_wconf 89' lang='lat'><em>.</em></span> <span class='ocrx_word' id='word_1_152' title='bbox 1095 2204 1273 2260; x_wconf 86' lang='lat' dir='ltr'><strong>Habet</strong></span> <span class='ocrx_word' id='word_1_153' title='bbox 1328 2205 1420 2261; x_wconf 89' lang='lat' dir='ltr'><strong>hic</strong></span> 
     </span>
     <span class='ocr_line' id='line_1_25' title="bbox 52 2276 1419 2355; baseline 0.005 -27"><span class='ocrx_word' id='word_1_154' title='bbox 52 2293 255 2331; x_wconf 88' lang='lat' dir='ltr'><strong>numus</strong></span> <span class='ocrx_word' id='word_1_155' title='bbox 318 2276 432 2332; x_wconf 91' lang='lat' dir='ltr'><strong>duo</strong></span> <span class='ocrx_word' id='word_1_156' title='bbox 487 2279 775 2353; x_wconf 71' lang='lat' dir='ltr'><strong>singularia</strong></span> <span class='ocrx_word' id='word_1_157' title='bbox 822 2303 838 2348; x_wconf 92' lang='lat'>;</span> <span class='ocrx_word' id='word_1_158' title='bbox 903 2283 1142 2355; x_wconf 85' lang='lat' dir='ltr'><strong>primum</strong></span> <span class='ocrx_word' id='word_1_159' title='bbox 1184 2322 1198 2347; x_wconf 92' lang='lat'>,</span> <span class='ocrx_word' id='word_1_160' title='bbox 1262 2281 1419 2354; x_wconf 87' lang='lat' dir='ltr'><strong>quod</strong></span> 
     </span>
     <span class='ocr_line' id='line_1_26' title="bbox 55 2350 1419 2412; baseline 0.004 -7"><span class='ocrx_word' id='word_1_161' title='bbox 55 2350 337 2407; x_wconf 87' lang='lat' dir='ltr'><strong>Elaeusam</strong></span> <span class='ocrx_word' id='word_1_162' title='bbox 394 2353 585 2411; x_wconf 88' lang='lat' dir='ltr'><strong>urbem</strong></span> <span class='ocrx_word' id='word_1_163' title='bbox 640 2356 801 2412; x_wconf 84' lang='lat' dir='ltr'><strong>nobis</strong></span> <span class='ocrx_word' id='word_1_164' title='bbox 850 2359 908 2411; x_wconf 90' lang='lat' dir='ltr'><strong>in</strong></span> <span class='ocrx_word' id='word_1_165' title='bbox 963 2357 1282 2412; x_wconf 85' lang='lat' dir='ltr'><strong>memoriam</strong></span> <span class='ocrx_word' id='word_1_166' title='bbox 1336 2376 1419 2410; x_wconf 79' lang='lat' dir='ltr'><strong>re-</strong></span> 
     </span>
    </p>
   </div>
   <div class='ocr_carea' id='block_1_5' title="bbox 56 2430 1418 2577">
    <p class='ocr_par' dir='ltr' id='par_1_6' title="bbox 56 2430 1418 2577">
     <span class='ocr_line' id='line_1_27' title="bbox 56 2430 1418 2564; baseline 0.001 -79"><span class='ocrx_word' id='word_1_167' title='bbox 56 2444 215 2485; x_wconf 86' lang='lat' dir='ltr'><strong>vocet</strong></span> <span class='ocrx_word' id='word_1_168' title='bbox 245 2470 262 2500; x_wconf 84' lang='lat'>,</span> <span class='ocrx_word' id='word_1_169' title='bbox 303 2430 459 2489; x_wconf 88' lang='lat' dir='ltr'><strong>cuius</strong></span> <span class='ocrx_word' id='word_1_170' title='bbox 513 2435 732 2504; x_wconf 85' lang='lat' dir='ltr'><strong>nullae,</strong></span> <span class='ocrx_word' id='word_1_171' title='bbox 766 2453 893 2491; x_wconf 89' lang='lat' dir='ltr'><strong>cum</strong></span> <span class='ocrx_word' id='word_1_172' title='bbox 941 2435 1167 2490; x_wconf 90' lang='lat' dir='ltr'><strong>nomine</strong></span> <span class='ocrx_word' id='word_1_173' title='bbox 1221 2433 1418 2564; x_wconf 52' lang='lat' dir='ltr'><strong>{laeu-</strong></span> 
     </span>
     <span class='ocr_line' id='line_1_28' title="bbox 1247 2527 1342 2577; baseline -0.011 -14"><span class='ocrx_word' id='word_1_174' title='bbox 1247 2527 1342 2577; x_wconf 84' lang='lat' dir='ltr'><strong>ae,</strong></span> 
     </span>
    </p>
   </div>
   <div class='ocr_carea' id='block_1_6' title="bbox 0 1862 23 2901">
    <p class='ocr_par' dir='ltr' id='par_1_7' title="bbox 0 1862 23 2901">
     <span class='ocr_line' id='line_1_29' title="bbox 0 1862 23 2901; baseline 0 0"><span class='ocrx_word' id='word_1_175' title='bbox 0 1862 23 2901; x_wconf 95' lang='lat' dir='ltr'><strong> </strong></span> 
     </span>
    </p>
   </div>
  </div>
 </body>
</html>
