1856 2901
483 197 748 240 NVMOS
807 194 1110 237 VRBIVM
1336 190 1404 235 61

123 302 183 356 fit
230 293 529 354 differentia
591 317 670 350 12.
729 316 776 349 2.
812 292 1007 362 aequal⁶
1052 314 1132 347 10.
1178 311 1360 363 quam.
1401 313 1481 349 10.

120 385 170 429 6.
191 375 383 448 aequal.
415 395 463 440 4.
491 390 541 426 et
580 382 631 428 6.
664 392 710 442 3.
746 371 945 441 aequal.
980 389 1026 438 3.
1062 372 1114 420 in
1157 385 1345 439 aperto
1376 372 1443 420 est
1465 410 1481 435 ,

122 451 548 505 diminutionem
600 446 851 516 ponderis
889 485 902 509 ‚
952 447 1006 495 in
1065 445 1241 497 numis
1292 444 1485 496 nostris

127 524 431 600 repertam,
480 521 709 575 mediam
754 516 1082 573 interceffiffe
1133 520 1271 571 inter
1332 535 1482 582 eam,

125 622 266 675 quae
316 621 343 654 a
379 598 554 652 Plinio
586 637 599 662 ,
634 612 892 667 tanquam
944 612 1057 647 uno
1100 593 1238 649 saltu
1264 636 1275 657 ,
1314 595 1487 665 prima,

124 680 194 731 est
232 674 533 744 adsignata.
574 671 684 726 Nifi
725 690 852 726 vero
899 668 1018 723 heic
1056 667 1105 722 se
1152 670 1349 742 aliquis
1400 667 1490 722 of·

126 751 264 806 ferre
313 748 507 802 audeat
542 788 554 812 ,
600 749 695 820 qui
743 745 957 820 pondus
1005 761 1256 799 monetae
1299 763 1492 808 aerae,

126 830 415 902 postquam
466 824 822 876 imminutum
870 821 1045 875 fuerat
1079 863 1093 887 ,
1146 818 1356 874 rursum
1420 818 1494 873 ad

129 904 312 977 plures
379 900 563 954 uncias
626 897 980 971 Reipublicae
1029 897 1247 951 decreto
1303 896 1489 949 adcre-

129 975 625 1040 visse-contendat3
670 974 856 1046 quod,
893 989 1114 1039 utrum,
1163 975 1259 1045 qui
1305 971 1492 1026 credat

128 1054 191 1109 fit
244 1052 442 1124 aliquis
488 1050 707 1105 futurus
752 1065 861 1103 tam
905 1048 1100 1113 facilis,
1130 1048 1225 1102 nifi
1268 1045 1487 1101 validis-

131 1129 269 1184 simis
310 1128 626 1181 testimoniis
670 1124 1063 1199 comprobetur-
1093 1166 1107 1191 ‚
1143 1125 1491 1178 vehementer

131 1202 395 1274 ambigo·

244 1283 443 1351 Neque
486 1278 637 1333 iuvat
676 1295 798 1332 cum
836 1275 1054 1331 Alciato
1104 1274 1278 1346 legere
1320 1276 1385 1327 in:
1410 1287 1491 1326 te,

132 1371 232 1410 Xtu
268 1356 463 1408 Plinii:
488 1353 994 1418 dextantario‚loco
1018 1349 1346 1422 sextantario
1372 1368 1497 1424 pon-

137 1433 252 1485 dere
286 1472 298 1485 .
347 1434 489 1484 Nam
556 1435 608 1487 P.
664 1429 981 1483 Harduinus
1045 1445 1210 1481 manu
1270 1425 1500 1498 scriptos

134 1504 368 1561 Codices
403 1505 678 1575 refragari.
703 1501 1057 1575 deprehendit
1078 1508 1092 1566 ,⁴
1117 1519 1169 1554 et
1211 1501 1245 1555 fi
1279 1521 1336 1554 ea
1377 1519 1499 1554 cor-

137 1582 306 1637 rectio
360 1579 580 1634 daretur
626 1619 641 1642 ,
688 1594 859 1631 cetera
912 1592 1089 1629 tamen
1137 1594 1254 1628 non<
1301 1576 1499 1628 cohae-

135 1671 356 1712 rerent:
414 1676 441 1709 a
483 1655 668 1708 decem
717 1654 888 1706 unciis
932 1653 1079 1705 illico
1117 1651 1186 1704 ad
1221 1651 1352 1706 duas
1393 1647 1496 1703 As-

136 1732 242 1788 sem
287 1729 384 1784 effe
428 1730 701 1783 redactum
732 1770 744 1783 .

249 1846 281 1871 „
324 1809 492 1878 Supra
542 1804 795 1858 laudatus
838 1798 1133 1876 percelebri
1183 1800 1501 1854 eru-ditione

141 1923 175 1951 „
216 1883 318 1934 Vir
351 1881 539 1935 Iohan.
560 1880 829 1950 Georgius
860 1878 1185 1932 Wiichterus
1217 1877 1498 1929 Archaeo-

144 1999 177 2026 „
220 1957 401 2027 logiae
446 1957 800 2010 Nummariae
850 1959 969 2029 Cap.
999 1956 1050 2007 X
1098 1953 1282 2005 multis
1319 1953 1496 2005 osten-

140 2075 174 2102 „
215 2031 340 2085 dere
403 2032 689 2087 contendit
722 2072 736 2097 ,
787 2028 931 2084 Affes
986 2047 1173 2082 omnes
1220 2069 1234 2094 ,
1288 2025 1501 2081 sescun-

137 2148 170 2176 2,
214 2107 439 2162 cialibus
475 2109 652 2162 multo
686 2107 944 2170 leviores,
978 2124 1116 2176 quos
1151 2101 1351 2177 septem
1396 2121 1500 2156 un-

139 2224 173 2252 „
214 2185 420 2238 ciarum
469 2202 591 2237 cum
645 2181 867 2237 dimidia
927 2179 1025 2235 esse
1074 2180 1224 2242 vult,
1272 2179 1355 2234 vel
1387 2197 1503 2232 non.

140 2298 174 2328 ,,
216 2257 314 2311 effe
364 2264 645 2315 Romanos
694 2256 839 2313 Affes
869 2296 883 2321 ,
936 2257 1017 2311 vel
1063 2255 1134 2310 acl
1182 2257 1503 2309 Antonino.-

142 2375 174 2403 ‚‚
216 2353 337 2387 rum
369 2377 383 2401 ,
433 2336 742 2391 Caracallae
776 2375 790 2400 ,
840 2347 891 2386 et
941 2331 1218 2403 Elegabali
1256 2347 1500 2403 tempora

141 2450 174 2484 2,
217 2407 316 2463 effe
366 2412 751 2466 removendOS.
797 2413 929 2463 Non
977 2425 1128 2463 vacat
1176 2426 1323 2462 nunc
1377 2406 1503 2477 qui-

137 2519 176 2556 „
217 2485 341 2542 dem
378 2506 439 2545 ea
476 2487 726 2564 pluribus
769 2483 1097 2554 confutare3
1137 2502 1316 2559 neque
1361 2499 1503 2552 opus

1270 2599 1305 2628 „
1344 2554 1425 2614 eff
