1856 2901
444 190 710 234 nvMos
763 189 1069 233 VRBIVM
1284 187 1393 251 125·

104 294 258 349 Attia
302 293 582 348 Octaviam
625 291 933 355 Iuniorem,
970 306 1022 344 et
1057 291 1132 346 C.
1163 294 1460 351 OGtavium'

102 369 298 424 deinde
350 369 658 440 Augustum
694 410 706 422 .
743 366 1063 421 Plutarchus
1101 368 1157 420 in
1199 372 1452 423 Antonio

101 444 337 511 adserit,
385 442 663 499 Octaviam
707 446 797 496 Μ.
840 443 1072 495 Antonii
1120 484 1134 510 ,
1182 459 1234 498 et
1306 462 1464 500 antea

102 525 176 576 C.
231 521 474 576 Marcelli
529 534 758 570 uxorem
793 555 806 580 ‚
858 514 1014 570 fuisse
1071 535 1204 573 natu
1280 523 1454 572 maio-

101 615 213 651 rem
243 639 254 660 ,
297 610 349 649 et
389 611 500 647 non
550 592 822 646 uterinam
869 589 1111 647 Caesaris
1163 597 1455 649 Octaviani

100 671 337 727 sororem
387 710 400 724 .
450 672 525 720 At
589 667 961 740 Glandorpius
1026 669 1082 722 in
1138 674 1451 734 Ozzonmslc'co

101 748 240 801 Hist.
287 749 437 798 Rom.
495 761 623 815 pag.
685 750 780 799 86.
818 758 870 796 et
930 749 1028 812 87.
1073 764 1101 797 e
1144 746 1456 820 Philippica

99 826 220 876 111.
267 819 548 874 Ciceronis
580 859 594 884 ‚
642 834 694 872 et
745 821 930 874 Dione
977 816 1106 876 Lib.
1164 837 1279 876 xl..
1325 840 1461 875 con-

100 894 303 960 tendit,
338 894 621 949 O&aviam
658 897 938 949 Iuniorem
977 936 990 961 ‚
1025 897 1295 951 uterinam
1333 903 1454 950 Au-

96 971 233 1044 gusti
293 967 574 1037 sororem,
640 973 729 1026 M.
792 973 1048 1025 Antonio
1083 1012 1097 1038 ,
1158 989 1211 1026 et
1270 989 1461 1027 antea..

93 1046 359 1103 Marcello
433 1047 758 1101 collocatam
817 1045 971 1100 fuiffe
1008 1090 1021 1103 .
1067 1052 1202 1102 Sane
1260 1052 1461 1104 Cicero

94 1123 379 1177 Aricinam
436 1127 459 1191 (
499 1123 712 1177 Attiam
766 1123 1074 1193 intelligit)
1131 1127 1207 1180 L.
1255 1126 1465 1196 Philip-

92 1218 166 1273 po
205 1238 217 1264 ‚
272 1214 325 1252 et
376 1201 630 1252 Arlcinae
682 1197 847 1253 filiam
886 1239 899 1262 ,
940 1197 1063 1251 sane
1105 1218 1219 1251 non
1264 1200 1460 1265 aliam,

94 1293 262 1348 quarn
310 1275 496 1328 Attiae
544 1273 714 1329 filiam
748 1316 761 1341 ‚
813 1276 1095 1329 Ostaviam
1139 1276 1457 1341 Iuniorem,

93 1355 165 1405 C.
221 1351 485 1406 Marcello
543 1367 772 1424 nuptam
837 1359 1059 1404 testatur
1104 1370 1119 1414 ;
1176 1371 1317 1424 quae
1379 1370 1468 1404 ea·-

95 1426 217 1479 dem
279 1427 503 1481 Octavia
570 1429 705 1483 citra
768 1424 1003 1480 dubium
1077 1429 1169 1481 M.
1224 1427 1464 1480 Antonii

94 1504 300 1557 coniux
363 1518 513 1556 erat.

249 1577 427 1632 Huius
485 1577 674 1649 itaque
728 1589 972 1630 OCTAV
1013 1590 1143 1641 ΑΕ,
1213 1579 1462 1631 uterinae

96 1655 374 1725 Augustae
419 1650 618 1706 sororis
672 1653 993 1706 memoriam
1034 1670 1141 1705 una
1192 1671 1316 1706 cum
1346 1658 1467 1707 Au-

94 1740 254 1799 gusto
305 1730 620 1783 instauravit
668 1728 775 1782 hoc
813 1725 1140 1780 numismate
1181 1728 1459 1784 Tiberius,

94 1803 346 1859 Profecto
397 1806 597 1859 meruit
649 1804 705 1858 id
766 1804 990 1858 OEtavia
1038 1803 1129 1856 illa
1185 1801 1295 1858 suis
1352 1807 1465 1859 vir-

95 1879 305 1934 tutibus
337 1921 350 1946 ,
390 1901 531 1954 quae
579 1881 697 1934 viro
739 1877 838 1934 suo
887 1883 974 1934 M.
1023 1881 1276 1933 Antonio
1317 1920 1331 1945 ,
1370 1877 1463 1934 etfi

93 1957 419 2029 Cleopatrae
475 1954 744 2032 probroso
797 1975 982 2010 amore
1028 1953 1354 2017 insanienti,
1400 1954 1465 2008 fi-

96 2031 272 2085 delem
325 2031 374 2086 se
405 2071 420 2096 ‚
465 2035 653 2107 piam,
702 2052 763 2087 ac
815 2029 1111 2085 beneficam
1170 2029 1465 2105 praebuit,

95 2124 156 2162 ut
204 2107 429 2161 eandem
468 2115 625 2176 σκῆμα
674 2113 938 2168 &acuum-70⁸1!
981 2112 1196 2176 γυναικός
1224 2149 1237 2172 ,
1282 2107 1468 2180 adpel-

93 2183 219 2238 larit
269 2184 589 2239 Plutarchus
619 2227 633 2240 .
696 2184 886 2238 Eidem
954 2184 1210 2237 Octaviae
1260 2189 1462 2255 Augu-

95 2261 201 2314 stus
271 2257 383 2332 ipse
451 2262 602 2316 vivae
665 2264 955 2335 praecipua
1016 2258 1191 2314 officia
1240 2260 1462 2333 praetii-

94 2336 196 2389 tit:
250 2334 534 2391 defun&ae
593 2337 829 2392 honores
899 2337 1169 2390 maximos
1240 2334 1466 2400 tribuit,

92 2412 359 2466 Suetonio
399 2414 558 2469 teste.
585 2411 942 2468 Athenienses
986 2413 1273 2476 Octaviae,
1312 2409 1460 2481 apud

91 2485 145 2549 se
200 2487 420 2562 degenti
450 2527 467 2558 ,
523 2489 762 2547 honores
804 2489 1053 2562 egregios
1101 2488 1459 2546 detulerunt:

1249 2581 1391 2616 mor-
